3298 4984
341 468 410 538 110

596 482 731 536 essuos
748 457 1048 536 saoussconss’s
1067 481 1255 535 samaras.

437 661 535 712 Literas
554 661 760 722 lntmduecionis,
771 667 798 711 et
816 662 912 726 juravit
930 661 1100 712 obedienciam
1119 662 1220 711 nomine
1240 659 1342 710 DomIni
1361 660 1417 720 sui;
1434 675 1489 722 pre·

437 728 552 777 sentibus
575 727 708 790 itsdulpho
735 727 778 790 [de
803 727 964 791 ilyngcham
994 729 1147 787 Preoentore,
1171 727 1280 776 Roberto
1303 723 1347 790 [de
1368 724 1489 788 Tyffirrdl,

438 792 589 842 cancellario
605 791 746 852 Excniensi,
756 791 878 853 W[aiter0
888 793 920 841 de
938 790 1094 856 Pembroie}
1108 791 1287 840 Archidiacono
1299 791 1491 854 Bamestapclie,

436 857 534 906 Thema
555 857 586 906 de
605 855 749 917 Herteiord,
772 857 897 906 canonico
919 857 1062 918 Exonieusi,
1088 856 1284 917 B[artholomcu]
1307 856 1338 904 de
1362 855 1488 908 Lardariu,

435 919 572 1036 ,ξ’[οιὶέιιηίηο]
588 922 619 971 de
632 921 801 1035 Bilalscdopne,
819 921 964 984 W[illelmo]
980 921 1012 972 de
1029 921 1136 985 Capella,
1148 921 1162 970 J
1166 921 1283 983 [chenne]
1297 921 1328 970 de
1340 920 1407 980 Esse,
1421 919 1448 968 R.
1462 920 1493 968 dc

458 985 763 1046 omord,etaiis·8.
1487 1019 1489 1024 -

404 1051 479 1101 Anno
490 1053 585 1112 mdem,
598 1051 624 1114 vj
636 1051 696 1100 idus
708 1049 857 1100 Novembris
875 1049 901 1114 [8
915 1051 986 1112 Noa,
1000 1051 1082 1113 12591,
1092 1051 1215 1100 Dominus
1233 1050 1371 1113 Episcopus
1382 1049 1492 1098 contulit

438 1117 561 1165 vicariam
589 1117 698 1166 Emissis
724 1116 757 1165 de
784 1117 944 1165 Axeminstre
946 1150 1115 1166 .....
1156 1116 1259 1164 Waltcro
1286 1115 1316 1164 de
1337 1114 1491 1164 Aulescumhc

438 1182 584 1246 presbiter03
601 1185 628 1230 et
645 1181 735 1230 habuit
750 1181 845 1229 Literas
864 1181 1038 1230 institucionis
1058 1181 1084 1229 in
1105 1181 1151 1229 hec
1171 1181 1246 1228 verbs
1260 1180 1321 1229 :-“.
1344 1216 1350 1229 .
1386 1215 1392 1228 .
1428 1216 1434 1228 .
1458 1180 1492 1228 ad

439 1246 616 1297 Universitatis
633 1255 715 1295 vestre
727 1246 852 1306 noticiam,
868 1251 954 1294 tenore
966 1245 1134 1306 Prooemium,
1144 1246 1261 1294 volumus
1277 1245 1406 1308 pervemm
1423 1245 1492 1306 qnod

438 1327 491 1372 nos,
503 1311 618 1374 periculis
626 1311 765 1360 animarum
778 1326 908 1373 precavere
918 1316 944 1358 et
955 1311 1091 1359 earundem
1111 1311 1186 1359 saluti
1205 1309 1343 1373 prospicere
1354 1309 1492 1372 cupientes,

438 1376 561 1425 Vican'am
573 1375 681 1424 Ecclesie
692 1377 724 1424 de
735 1376 985 1436 sacrasacra-que
1006 1379 1078 1424 tauto
1093 1380 1205 1438 tempore
1223 1375 1321 1423 vacavit
1331 1375 1399 1438 qued
1412 1373 1491 1436 ipsius

439 1441 546 1490 Collaeio
559 1456 603 1504 per
614 1440 791 1503 negligenciam
804 1439 896 1488 Duceni
907 1445 934 1488 et
945 1441 1063 1503 Capituli,
1075 1456 1119 1488 seu
1133 1440 1314 1490 Canonimrum
1329 1439 1490 1488 Eboracensis

439 1506 553 1566 Ecclesie,
565 1521 674 1568 quorum
693 1504 829 1554 Prehendis
849 1504 958 1554 Ecclesia
977 1505 1031 1568 ipsa
1047 1521 1144 1554 annexa
1162 1520 1215 1554 esse
1234 1504 1334 1564 dicitur,
1353 1504 1492 1553 secundum

439 1571 544 1620 Statuta
561 1569 734 1619 Lateraneusis
755 1569 859 1618 Consilii
877 1569 910 1618 ad
930 1585 975 1618 nos
992 1569 1026 1618 sit
1042 1569 1295 1631 devoluta-dilecte
1315 1569 1365 1618 filio
1390 1567 1492 1616 ll'altcro

438 1635 468 1684 de
487 1631 646 1694 Aalssmmbc,
664 1633 807 1710 presbitero,
820 1633 910 1683 Divina
931 1635 1041 1683 caritatis
1059 1635 1163 1694 intuitu,
1184 1634 1337 1683 contulimus
1357 1639 1384 1682 et
1402 1634 1487 1695 ipsum

440 1700 465 1748 in
482 1701 569 1748 eadem
585 1714 701 1748 canonice
717 1699 845 1748 Vicarium
861 1697 1026 1760 instituimus,
1043 1700 1118 1748 salvis
1136 1698 1265 1748 canonicis
1282 1698 1399 1762 predictis
1416 1698 1490 1746 <ium-

438 1769 510 1812 taxst
521 1764 592 1827 xxiiij
606 1771 627 1796 θ’
645 1763 734 1812 marcis
753 1763 843 1812 annuis
859 1779 903 1826 per
921 1779 1010 1812 manus
1026 1763 1140 1826 ejusdem
1151 1763 1243 1812 Vicarii
1254 1763 1365 1812 debonis
1381 1760 1490 1812 Ecclesia

439 1829 582 1892 supradicte
597 1828 672 1891 juxta
687 1829 888 1892 predecessorum
899 1833 1043 1877 nostrerum
1060 1829 1249 1878 Ordiuacionem
1260 1828 1430 1891 percipiendis,
1443 1828 1492 1876 uisi

440 1893 570 1942 Canonicis
588 1893 648 1956 ipsis
666 1897 692 1942 et
712 1893 860 1942 Eboraccusi
878 1893 985 1942 Ecclesia
1006 1908 1038 1943 ex
1050 1893 1182 1956 Privilegio
1199 1893 1270 1942 Sedis
1289 1893 1429 1956 Apostolice
1450 1892 1489 1940 vei

438 1958 486 2006 aiio
496 1959 553 2022 J'ure
564 1957 662 2021 speciali
673 1958 781 2020 amplius
791 1959 913 2006 debeatur
925 1973 931 2017 ;
949 1961 971 2006 9.

406 2023 481 2072 Anno
497 2024 593 2080 codena
605 2039 621 2070 v
639 2023 700 2071 idus
716 2023 779 2072 iulii
799 2023 839 2083 [ll
860 2021 1229 2086 July,1260],exivitLite1-a:
1245 2023 1378 2081 walterus,
1391 2022 1491 2070 misera·

441 2089 510 2138 aione
518 2087 609 2136 Divina
616 2092 671 2148 etc,
680 2087 798 2150 Magistro
807 2086 926 2150 J[ohanni
937 2088 968 2136 de
977 2087 1122 2148 Excestria]‚
1131 2087 1235 2136 Eboraci
1245 2087 1395 2137 cancellario
1402 2093 1492 2147 etc,-

439 2153 504 2202 Cum
515 2168 546 2202 ex
553 2152 632 2202 Officii
644 2153 723 2201 nostri
731 2151 824 2212 debite,
834 2155 945 2201 nostram
954 2153 1083 2202 visitantes
1092 2151 1240 2216 parochiam,
1249 2152 1372 2201 Viceriam
1381 2152 1490 2202 Ecclesie

438 2219 469 2268 de
484 2217 638 2267 Axmiuistre
659 2219 731 2265 tauto
746 2221 859 2280 tempore
877 2217 1000 2266 vacavisse
1018 2218 1187 2266 inveniremus
1203 2217 1270 2280 quod
1289 2217 1368 2280 ipsius
1380 2217 1488 2266 Oollacio

439 2283 471 2332 ad
493 2298 539 2331 nos
566 2286 632 2330 esset
659 2282 798 2340 devoluta;
826 2297 928 2345 nosque,
956 2283 1087 2344 sollempni
1115 2281 1234 2344 premissa
1261 2281 1398 2330 municione
1420 2283 1491 2344 quod

440 2349 556 2397 Decanus
566 2351 594 2396 et
612 2345 758 2410 Capitulum
774 2347 885 2406 Eboraci,
898 2363 942 2396 seu
963 2348 998 2394 hii
1018 2361 1126 2410 quarum
1138 2352 1200 2396 tunc
1216 2347 1342 2406 intererat,
1355 2347 1489 2394 Personam

439 2414 562 2476 ydoneam
573 2411 638 2460 inire
655 2416 752 2460 certum
761 2415 861 2474 tempus
873 2413 904 2460 ad
916 2427 969 2460 cern
982 2417 1161 2476 presentarent,
1173 2411 1295 2460 Vicariam
1307 2411 1387 2474 ipsam
1398 2411 1490 2460 diiecto

440 2478 492 2526 filie
528 2476 628 2526 Walters
655 2477 685 2525 dc
717 2475 876 2536 Aulacumbe,
905 2477 1049 2539 presbitero,
1077 2493 1162 2525 mense
1195 2475 1351 2537 Novembris,
1379 2475 1490 2524 maritatis

439 2542 543 2602 intuitu,
555 2540 741 2599 contulerimus,
751 2541 818 2588 salva
828 2541 957 2590 canonicis
968 2541 1127 2590 Eboraeensis
1139 2541 1247 2590 Eedesie
1257 2541 1360 2603 antiqua
1368 2545 1395 2590 et
1403 2540 1489 2589 debita

439 2607 558 2656 Pordona
577 2607 609 2655 de
629 2606 716 2654 eadem
738 2605 847 2654 Ecclesia
864 2607 889 2653 in
911 2607 1014 2668 petuma
1036 2611 1167 2654 numerata
1189 2623 1233 2668 per
1254 2606 1381 2654 Vicarium
1403 2606 1486 2668 ipsum

439 2671 570 2720 annuatim
592 2670 724 2728 solvendu;
743 2670 862 2730 uolentes,
879 2675 971 2730 tamen
989 2671 1054 2718 bona
1074 2676 1156 2719 vestra
1175 2671 1268 2719 ibidem
1288 2670 1327 2718 vel
1347 2671 1420 2719 aliter
1438 2670 1487 2718 sub

439 2736 556 2785 districtu
568 2739 653 2783 nostru
665 2735 798 2782 existeucia
814 2735 938 2782 inutiliter
954 2735 1059 2783 distrahi
1070 2741 1116 2783 aut
1126 2736 1246 2795 consumi,
1256 2751 1341 2784 omnes
1353 2735 1451 2783 imctus
1462 2739 1489 2782 et

440 2805 575 2864 proventus
589 2799 715 2848 Porcionis
727 2805 815 2858 vestre,
829 2814 904 2861 quum
916 2799 942 2847 in
954 2801 1021 2848 dicta
1033 2799 1141 2848 Ecclesia
1154 2800 1184 2848 de
1197 2799 1351 2848 Arministre
1362 2799 1489 2862 optinetis,

439 2866 537 2914 racione
555 2865 682 2912 Prebende
698 2869 778 2912 vestre
798 2863 960 2912 Ebcmcensis
978 2881 1022 2912 vos
1038 2865 1217 2926 contingentes,
1232 2865 1299 2912 salva
1315 2863 1489 2912 iiiuistrorum

440 2931 507 2979 dicte
526 2929 633 2977 Ecclesie
652 2943 760 2990 congrua
780 2929 971 2990 sustentacione,
982 2930 1073 2977 diiecto
1091 2929 1141 2977 tilio
1156 2929 1336 2978 Archidiacono
1354 2929 1490 2976 Exoniensi

439 2995 488 3043 sub
509 2999 652 3042 nostrorum
674 2993 818 3042 testimonio
840 2994 1010 3042 commisimus
1039 3009 1178 3056 quousque,
1201 3000 1302 3042 auctore
1326 2993 1440 3053 Domino,
1461 2993 1488 3042 iu

440 3059 555 3122 Angliam
567 3057 697 3117 redieritis,
710 3057 833 3106 bonafide
844 3059 1025 3107 conservandos
1035 3057 1098 3106 -iu
1111 3059 1190 3120 cujus,
1201 3064 1248 3107 etc.
1263 3074 1269 3118 ;
1287 3057 1322 3108 li.

408 3125 482 3174 Anno
505 3123 599 3182 eodem,
623 3123 759 3183 Londonie,
782 3123 817 3185 iiij
842 3124 903 3172 idus
925 3123 987 3172 Julii
1015 3123 1057 3184 [12
1080 3123 1148 3186 Juiy,
1173 3123 1253 3182 12601,
1276 3123 1357 3172 exivit
1385 3122 1490 3171 Litora:

441 3187 569 3238 Universis
587 3192 713 3250 presentes
736 3188 831 3236 Literas
853 3187 1002 3250 inspecturis
1025 3188 1143 3250 Magister
1166 3187 1305 3236 Wilielmus
1323 3188 1354 3235 de
1376 3187 1489 3248 Waleby,

441 3253 579 3303 canonicus
603 3253 925 3306 eboracensem-Cum
943 3252 1095 3300 Venerabilis
1112 3253 1193 3312 Pater,
1206 3253 1330 3300 Dominus
1350 3252 1483 3310 ll'alterus,

440 3317 585 3368 Exouiensis
598 3317 742 3380 Episcopus,
754 3317 785 3364 ad
802 3317 949 3364 instanciam
970 3331 1051 3364 meam
1067 3315 1130 3364 mihi
1145 3317 1293 3365 concesserit
1312 3317 1379 3379 spuod
1391 3317 1491 3366 inactus

440 3382 565 3432 Porcionis
579 3397 633 3429 mee
642 3382 667 3429 iu
680 3381 788 3429 Ecclesia
799 3381 831 3429 de
842 3381 996 3429 Arministra
1007 3381 1039 3430 ad
1048 3381 1203 3430 Prebendam
1214 3397 1295 3430 meam
1307 3382 1488 3430 Eboracensem

439 3452 587 3510 spectantes,
607 3447 725 3494 associato
742 3446 817 3494 michi
837 3461 888 3494 uno
907 3446 938 3494 de
959 3445 1018 3505 suis,
1039 3445 1151 3508 colligere
1174 3447 1266 3508 possim
1288 3452 1315 3494 et
1336 3461 1488 3507 conservare,

439 3511 576 3560 dummodo
597 3511 629 3558 de
647 3511 770 3558 latratibus
792 3510 859 3573 ipsis,
878 3510 993 3558 deductis
1013 3511 1127 3573 expensis
1145 3511 1287 3558 necessariis
1306 3510 1483 3568 laborancium,

439 3577 501 3625 citra
523 3575 637 3638 proximo
663 3581 797 3623 venturum
826 3577 930 3624 Festum
955 3575 1102 3623 Natiuitatis
1130 3575 1259 3623 Dominiee
1284 3575 1360 3624 nichil
1386 3575 1488 3638 penitus

438 3643 598 3692 destruetur:
625 3655 669 3702 ego
692 3641 773 3688 eidem
796 3639 904 3688 Domino
927 3639 1056 3703 Episcopo,
1079 3643 1164 3688 tenore
1188 3640 1346 3688 Preeencium
1368 3641 1395 3688 in
1411 3641 1488 3688 verbo

438 3705 551 3754 veritatis
573 3710 600 3753 et
627 3705 692 3752 bona
720 3703 767 3752 fide
794 3705 915 3767 promitto
938 3705 1007 3767 quod
1029 3703 1126 3753 tructus
1149 3704 1214 3767 ipsos
1232 3711 1259 3753 et
1281 3709 1424 3768 proventus,
1443 3721 1489 3768 per

438 3769 612 3819 ministeriales
630 3785 698 3817 meos
715 3773 742 3817 et
759 3773 856 3817 certum
876 3769 1032 3817 custodenra
1047 3769 1114 3817 dicto
1134 3769 1242 3817 Domino
1256 3770 1375 3833 Episcopo
1392 3769 1489 3818 adhoc

439 3835 621 3898 deputandum,
634 3833 741 3882 fideliter
752 3833 832 3896 colligi
844 3837 870 3881 et
881 3833 1017 3882 conservari
1035 3834 1152 3897 salvoque
1169 3849 1195 3881 re
1228 3834 1254 3882 ni
1273 3833 1369 3894 luciam,
1382 3839 1408 3882 et
1419 3835 1488 3898 quod

439 3901 470 3948 de
481 3899 605 3947 fructibus
617 3898 677 3960 ipsis
688 3898 764 3946 nichil
779 3899 880 3960 penitus
898 3898 1043 3958 distraham,
1055 3903 1101 3946 aut
1118 3849 1227 3946 distraiii
1241 3899 1394 3960 permittam,
1405 3913 1487 3962 usque

439 3965 466 4012 in
487 3965 591 4012 Festum
606 3963 786 4025 supradictum,
807 3963 855 4010 nisi
872 3962 990 4024 Magister
1009 3963 1041 4022 J,
1057 3963 1224 4011 Cancellarius
1243 3963 1355 4019 Ebomci,
1375 3964 1413 4012 vei
1431 3963 1488 4026 ejus

438 4033 590 4092 procurator,
612 4028 712 4089 plenam
730 4027 823 4075 habens
843 4032 994 4089 potestatem
1006 4027 1165 4076 Ordinacioui
1186 4043 1229 4076 seu
1247 4029 1380 4077 Taxecicni
1392 4028 1487 4078 Viean'e

438 4093 516 4156 ipsius
539 4092 646 4142 Ecclesia
662 4091 842 4151 consenciendi,
854 4092 878 4138 in
898 4091 1013 4154 Angliam
1032 4092 1101 4154 prius
1110 4093 1212 4153 venerit,
1224 4097 1251 4140 et
1271 4092 1317 4141 lroe
1332 4093 1363 4142 de
1375 4093 1490 4156 ejusdem

439 4157 541 4206 Domini
564 4157 680 4220 Episcopi
699 4156 817 4218 procedat
838 4157 977 4205 voluntate.
1013 4157 1082 4216 Volo,
1095 4157 1180 4217 eciam
1193 4162 1219 4205 et
1242 4159 1350 4206 concedo
1372 4157 1440 4222 quod
1457 4159 1490 4206 de

437 4222 509 4270 bonis
526 4221 651 4270 Porcionis
669 4235 723 4270 mee
740 4221 766 4268 in
784 4222 838 4284 ipsa
854 4221 963 4270 Ecclesia
980 4236 1089 4284 congrua
1099 4221 1251 4270 sustentacio
1266 4222 1388 4271 Ministris
1408 4223 1487 4285 ipsius

437 4287 539 4338 interim
562 4285 725 4338 ministretur.
760 4285 809 4336 Pro
828 4285 875 4334 hac
896 4301 997 4353 quoque
1024 4285 1181 4336 concessione
1208 4291 1234 4336 et
1260 4287 1342 4352 gracia
1368 4287 1486 4340 omnibus
