3298 4984
645 438 973 494 seussionensis.
1349 417 1395 498 97

335 619 438 681 inerint,
461 619 483 670 sl
510 625 639 685 presentes
660 621 688 672 in
710 622 808 672 Diooesi
830 623 968 683 extiterint,
991 621 1024 672 ali
1058 621 1102 672 uin
1125 621 1189 674 alter
1210 637 1297 672 eorum
1320 635 1396 686 quem

336 689 478 750 presentem
489 701 542 736 esse
553 687 692 750 contigerit
704 688 828 751 predictos
846 687 997 751 capellanos,
1055 687 1156 737 entibus
1167 687 1208 738 vel
1218 687 1398 737 decedentibus

335 751 387 801 suis
397 751 602 814 antecessoribus,
614 752 685 801 nobis
694 757 721 801 et
731 751 823 802 nostris
841 753 1023 802 successoribus
1040 757 1187 816 presentent
1203 753 1243 803 vel
1259 757 1395 816 presentet,

335 816 490 880 adpredicta
502 816 589 866 Officia
599 817 761 878 celebranda3
778 817 932 880 assignantes
941 818 1035 867 eisdem
1044 818 1183 882 capellanis
1203 818 1235 867 sd
1254 817 1396 866 inhabitan-

337 881 406 942 dum,
418 882 450 930 ds
467 881 598 931 voluntate
615 886 643 931 et
658 897 780 931 consensu
796 882 966 946 predictorum
982 883 1083 934 Henriei
1098 888 1125 933 et
1142 883 1256 942 Walter-i,
1267 884 1355 932 domos
1371 887 1399 931 et

337 946 432 996 edificia
454 961 512 996 cum
532 946 648 996 omnibus
669 947 829 1010 pertinenciis
847 947 900 996 suis
919 963 969 1010 que
987 947 1064 998 iidem
1082 948 1207 998 Henricus
1230 953 1257 998 et
1271 947 1398 997 Waltsrus

336 1012 410 1076 juxta
429 1011 536 1061 Pontem
552 1011 644 1061 Glsane
661 1027 676 1060 e
698 1017 912 1062 construxerunt:
928 1011 965 1062 ita
982 1013 1056 1077 quod¹
1069 1013 1124 1063 illas
1145 1014 1233 1062 domos
1254 1017 1281 1062 et
1303 1011 1399 1062 edificia

337 1077 446 1125 habeant
461 1076 567 1140 predicti
579 1027 706 1138 Capeliani
717 1081 744 1126 et
754 1081 859 1126 tenmnt
869 1077 895 1126 in
939 1084 1065 1142 rpetuum,
1078 1078 1161 1138 libera,
1171 1078 1265 1141 quieta,
1277 1082 1304 1127 et
1314 1077 1397 1126 soluta

337 1141 369 1190 ab
380 1141 449 1190 omni
459 1140 593 1204 gravedine
603 1147 630 1190 et
641 1141 743 1190 servicio
761 1142 906 1191 seculari-
921 1158 939 1191 n
958 1143 1031 1206 cujus
1049 1143 1085 1193 rei
1103 1143 1276 1192 testimonium
1287 1141 1398 1206 presenti

337 1207 435 1270 Scripto
457 1205 567 1270 sigillum
585 1211 701 1256 nostrum
712 1206 832 1256 duximus
849 1207 1043 1271 apponendum
1060 1207 1109 1257 hiis
1119 1207 1398 1270 sautu-Magistro

336 1270 451 1320 iohanne
467 1271 491 1320 le
509 1271 598 1332 Nobis,
610 1275 672 1320 tuno
689 1272 788 1321 Deeano
806 1271 953 1322 Exonisnais
971 1272 1086 1334 Ecclesia,
1098 1273 1124 1322 M
1157 1270 1163 1282 '
1177 1277 1217 1321 tro
1233 1271 1349 1322 iohanne
1366 1271 1398 1320 de

336 1335 469 1397 Pontiseia,
496 1340 559 1384 tuno
591 1335 771 1386 Archidiacono
804 1335 947 1398 Exoniensi,
968 1335 1088 1400 Magistro
1115 1337 1147 1387 Jo
1198 1351 1230 1386 ne
1262 1336 1294 1386 de
1327 1337 1396 1396 Eme,

336 1405 398 1450 hanc
414 1400 594 1450 Arohidiacono
614 1401 785 1462 Oomubiensi,
811 1402 919 1451 Domino
942 1402 1047 1452 Ricardc
1063 1402 1095 1452 de
1123 1401 1304 1466 Brendsswrhy
1326 1401 1398 1463 (sie),

338 1465 461 1516 Canonico
481 1465 624 1526 Exonisnai,
640 1465 749 1515 Domino
769 1467 877 1530 Hugone
899 1468 931 1516 de
949 1465 1082 1528 Plirntone,
1106 1467 1230 1517 Canonico
1251 1466 1284 1515 de
1305 1466 1398 1516 Sancta

337 1530 448 1590 Βειίιιιι,
461 1529 575 1580 Dominis
586 1531 728 1580 Alexandro
738 1531 771 1580 de
783 1532 890 1594 Ortona,
902 1531 1035 1596 Radulpho
1046 1532 1078 1581 de
1089 1531 1233 1592 Anmdells,
1244 1535 1272 1580 et
1282 1529 1398 1580 Johanne

336 1595 369 1644 de
387 1594 500 1659 Treiagu,
517 1595 660 1656 Militibus;
682 1599 710 1645 et
730 1595 923 1646 aliis-Datum
946 1596 1014 1661 apud
1035 1597 1144 1647 Parcum
1165 1596 1198 1646 de
1220 1595 1336 1660 (largam,
1359 1595 1400 1645 dis

337 1659 440 1710 Sabbati
451 1664 506 1722 eto,
519 1660 592 1710 Anno
604 1660 692 1711 Gracie
703 1661 748 1712 ΜΟ.
758 1661 819 1712 00⁰.
827 1661 883 1710 111⁰
893 1661 983 1726 quinto
995 1675 1001 1720 ;
1019 1663 1057 1713 tt.

236 1755 464 1844 Rwipoote'ore
479 1755 517 1838 os
537 1757 587 1823 tlte
601 1757 748 1838 Prooost,
765 1757 805 1822 H
803 1779 887 1843 corn
901 1758 941 1825 de
955 1757 1156 1845 Bollephe,-

307 1861 379 1911 Anno
390 1863 486 1922 eodem,
498 1863 566 1926 apud
582 1862 740 1927 Giaeneyam,
752 1863 779 1912 in
796 1863 903 1912 castino
920 1863 1069 1913 Souotmum
1086 1864 1209 1927 Perpetuo
1220 1868 1247 1913 et
1262 1861 1399 1912 Felicitatis

340 1927 365 1989 [8
377 1927 471 1988 March,
484 1927 593 1988 1275-6]‚
605 1927 683 1976 exivit
696 1928 780 1977 Litora
796 1928 844 1977 sub
855 1928 902 1977 hac
912 1928 993 1978 ionua
1005 1929 1177 1990 z-Walterus,
1190 1928 1237 1978 Dei
1250 1927 1338 1992 gracia
1350 1931 1396 1977 stu

338 2027 344 2040 .
373 2029 378 2040 .
406 2027 412 2039 .
434 1993 553 2055 Magistro
567 1992 673 2041 ilenrico
685 1993 821 2054 dsBolley,
833 1993 1180 2044 Archidiacono'l'ottcnieae
1192 1993 1316 2044 canonico
1328 1991 1397 2042 (llas-

339 2071 408 2120 neye,
420 2056 535 2116 salutem,
546 2056 661 2120 graciam,
676 2061 703 2106 et
718 2057 1025 2118 benediccionem—Quia
1036 2059 1195 2122 Propositure
1207 2057 1315 2108 Eeclesie
1327 2056 1400 2106 Beati

339 2121 434 2170 Thome
446 2121 556 2170 Martiris
567 2121 598 2170 de
610 2121 741 2186 Glasneya‚
753 2138 799 2186 per
817 2121 1010 2186 roeignscionem
1030 2129 1138 2172 vestram
1150 2123 1255 2183 vacanti,
1264 2121 1341 2172 nichil
1352 2119 1400 2170 nial

339 2187 436 2234 nudum
455 2201 547 2234 nonaen
567 2191 606 2234 est
621 2185 742 2236 hactenus
765 2187 927 2264 assignatum,
945 2203 974 2236 ao
996 2188 1052 2237 ideo
1071 2189 1204 2237 instituere
1225 2188 1319 2236 ibidem
1341 2185 1399 2234 Pre-

339 2250 457 2314 positum,
467 2251 546 2300 donec
553 2251 796 2316 sidemPrepositure
804 2256 838 2302 sit
846 2253 947 2316 aliquod
955 2253 1079 2302 commodi
1085 2253 1246 2316 assignatum,
1254 2249 1400 2301 distulimus

339 2319 366 2363 et
386 2315 469 2364 adhuc
491 2315 646 2375 differimus;
669 2316 711 2366 illa
737 2317 857 2366 dilacione
886 2318 1019 2394 pendente,
1039 2317 1110 2366 vobis
1132 2317 1214 2381 quood
1236 2315 1401 2366 correcciones

339 2379 520 2428 Cononicorum
544 2385 571 2429 et
588 2379 693 2430 aliorum
709 2381 862 2431 clericorum
884 2397 911 2430 111
934 2382 1001 2431 diota
1024 2382 1133 2432 Ecclesia
1152 2382 1206 2430 Deo
1228 2379 1398 2439 serviendium,

339 2449 365 2493 et
375 2445 458 2506 quoad
470 2445 553 2494 omnia
563 2445 611 2494 aliu
620 2461 669 2508 que
677 2447 709 2494 ad
717 2445 920 2510 jurisdiccionem
931 2451 1053 2509 spectant,
1065 2447 1202 2510 predictam
1214 2445 1400 2508 Propositum

340 2509 517 2573 contingenois,
526 2511 708 2560 committimus
717 2511 781 2560 vices
793 2515 904 2571 nostrss;
925 2513 1072 2561 mandantes
1080 2515 1110 2560 ut
1120 2511 1189 2560 illam
1200 2509 1400 2574 jurisdiocionem

339 2589 382 2638 per
397 2590 448 2635 vos,
466 2575 504 2623 vel
521 2591 564 2636 per
580 2575 665 2636 thum,
677 2576 820 2636 exerceatis,
834 2576 920 2636 denso,
932 2575 1036 2639 pleniori
1055 2575 1233 2624 deliberacione
1248 2573 1341 2635 habits,
1352 2573 1401 2622 alio

339 2641 413 2688 modo
423 2655 499 2704 super
510 2641 556 2688 hoc
567 2639 713 2690 duxerimus
724 2641 914 2704 providendum.
950 2641 1046 2690 Datum
1057 2641 1096 2702 [ut
1106 2638 1193 2704 sumu]
1206 2658 1212 2701 ;
1230 2639 1267 2691 70.

237 2737 537 2812 Gloucestershire3
559 2736 663 2802 Gaetu
678 2737 824 2804 Domini
834 2737 935 2822 Repis
957 2737 996 2804 de
1013 2737 1177 2822 beneseto,
1193 2735 1354 2814 custodis,
1369 2741 1398 2800 et

328 2823 447 2890 relevio
463 2823 651 2890 Comitatus
666 2824 705 2890 cle
722 2823 927 2890 Gloucestre'o
941 2849 991 2888 :-

310 2943 439 3004 Henrieus,
465 2944 512 2993 Dei
539 2944 621 3007 gracia
640 2945 693 2994 Rex
714 2943 812 3007 Anglie,
840 2945 964 2994 Dominus
997 2945 1130 3010 Hybernie,
1153 2945 1212 2994 Dux
1234 2943 1395 3002 Normannie,

339 3008 482 3072 Aquitanis,
519 3009 609 3058 Comes
649 3009 800 3072 Andegsrie,
835 3009 1039 3074 Archiepisoopis,
1075 3007 1210 3074 Episcopis,
1249 3009 1398 3070 Ahbstibus,

340 3073 474 3134 Prioribsm,
498 3073 646 3133 Comitibus,
677 3074 823 3134 baronibus,
845 3074 1003 3135 Justiciariis,
1029 3075 1231 3135 Vicecomitibus,
1253 3074 1396 3138 Propositis,

342 3137 469 3200 Ministris,
487 3142 513 3187 et
531 3137 648 3187 omnibus
672 3138 774 3188 Ballivis
793 3143 820 3188 et
838 3139 965 3188 Fidelibus
990 3139 1049 3198 suis,
1072 3139 1311 3190 sunum-seiam
1329 3139 1399 3202 quod

339 3217 396 3252 oum
416 3203 534 3252 Nicolaus
550 3203 582 3252 de
599 3203 694 3266 Wancy
709 3203 821 3252 tenuerit
835 3203 867 3252 de
887 3203 1008 3267 Episcopo
1029 3203 1164 3254 Exoniensi
1181 3204 1208 3253 in
1226 3203 1308 3268 capite
1324 3203 1398 3252 ieoda

340 3267 448 3316 duomm
460 3267 578 3328 Militum,
590 3283 649 3316 oum
667 3267 833 3331 pertinenciis,
849 3267 875 3316 in
894 3268 1095 3331 Woleumptone,
1114 3284 1164 3332 qus
1177 3269 1244 3318 idem
1262 3267 1398 3318 Micholaus

340 3333 500 3394 postmodum
509 3333 579 3382 dedit
586 3331 697 3382 lohanni
705 3333 737 3380 de
749 3332 897 3392 (iatssdena,
907 3333 1016 3382 tenende
1027 3333 1058 3382 de
1073 3349 1100 3382 se
1110 3339 1137 3382 et
1148 3333 1281 3382 heredibus
1289 3333 1341 3382 suia
1354 3348 1399 3395 per

340 3397 470 3446 nereidum
479 3397 546 3446 leodi
563 3397 672 3446 duorum
688 3397 798 3446 Militum
816 3402 843 3446 et
856 3397 931 3446 unius
944 3397 1046 3459 denarii,
1059 3397 1098 3446 vel
1116 3399 1191 3446 unius
1207 3397 1273 3462 paris
1284 3397 1398 3446 albarum

339 3467 509 3525 cyrotecsrum
518 3477 562 3526 per
569 3477 675 3521 annum;
686 3462 754 3525 quod
763 3462 895 3510 servicium
906 3462 984 3511 eciam
997 3463 1064 3511 idem
1076 3462 1213 3512 Nicholaus
1225 3467 1312 3525 postea
1323 3462 1395 3510 dedit

340 3527 431 3576 dilecto
441 3531 468 3576 et
479 3525 546 3576 fideli
557 3532 642 3575 nostro
655 3525 759 3576 Ricardo
773 3527 805 3575 de
818 3526 897 3588 (llere,
917 3527 1008 3576 comiti
1027 3527 1181 3576 Glaucestrie
1191 3531 1218 3576 et
1233 3526 1398 3586 liertelordie,

341 3591 485 3640 habendum
497 3596 524 3640 et
535 3592 673 3640 tenendum
685 3591 717 3640 de
728 3591 824 3653 prelato
839 3591 960 3655 Episcopo
972 3596 998 3640 et
1015 3591 1124 3641 Ecclesia
1134 3607 1179 3641 sua
1197 3591 1345 3650 Exoniensi;
1362 3591 1399 3640 ita

341 3656 408 3718 quod
422 3656 490 3704 idem
509 3657 598 3706 (lomes
613 3660 640 3704 et
656 3655 760 3704 heredes
779 3655 818 3705 sui
836 3655 912 3705 medii
930 3655 982 3705 sint
1001 3657 1067 3706 inter
1079 3656 1205 3720 prelatum
1215 3656 1357 3706 iohannem
1374 3659 1401 3705 et

341 3721 443 3770 heredes
454 3736 512 3770 suos
523 3727 550 3770 et
561 3721 704 3783 predictum
721 3719 873 3833 Episcopum
890 3730 916 3770 et
932 3737 1083 3770 successores
1100 3735 1173 3778 suos;
1192 3721 1252 3782 Nos,
1263 3737 1308 3784 pro
1319 3719 1400 3769 salute

341 3785 423 3834 anime
443 3790 535 3846 nostre,
553 3791 746 3846 antecemorum,
767 3789 794 3834 et
831 3785 934 3835 eredunt
952 3789 1103 3842 nostrorum,
1117 3785 1276 3835 concedimus
1296 3785 1349 3834 Deo
1373 3791 1400 3834 et

341 3849 449 3899 Ecclesia
467 3849 538 3898 Beati
557 3850 626 3898 Petri
649 3848 805 3910 Exonlenais,
826 3853 853 3899 et
872 3849 1013 3898 Venerabili
1034 3851 1103 3898 Patri
1122 3851 1240 3910 Waltero,
1264 3850 1399 3899 Excniensi

342 3915 470 3978 Episcopo,
482 3919 509 3964 et
527 3915 709 3964 successoribus
728 3915 788 3974 suis,
800 3929 845 3978 pro
862 3915 935 3964 nobis
952 3919 979 3962 et
996 3913 1129 3964 heredibus
1144 3913 1401 3978 nost1is,quod,licst

345 3979 427 4028 dictm
439 3981 529 4029 Comes
540 3979 572 4028 de
584 3979 655 4028 nohis
667 3981 789 4028 tenentia
806 3979 947 4040 Beroniam,
957 3979 1183 4042 quocienscumque
1200 3984 1286 4028 tamen
1297 3979 1401 4028 heredes

342 4044 455 4106 ejusdem
479 4043 585 4094 Comitis
615 4044 680 4092 inire
702 4048 796 4093 statem
824 4049 851 4092 et
877 4045 904 4094 in
929 4044 1043 4092 custodia
1070 4049 1155 4092 nostra
1177 4043 1314 4102 extiterint,
1332 4043 1400 4092 idem

342 4107 478 4172 Episcopus
487 4113 514 4157 et
524 4123 676 4157 successores
684 4109 724 4157 sui
736 4113 762 4158 et
775 4107 884 4158 Ecclesia
894 4124 940 4157 sus
959 4107 1102 4171 supradicta
1117 4107 1226 4157 habeant
1237 4107 1357 4170 quicquid
1368 4108 1401 4157 ad

342 4173 446 4236 capitale
460 4173 623 4234 dominicum,
636 4173 737 4222 nomine
752 4173 873 4235 ormtodis,
884 4173 1009 4237 pertinere
1026 4173 1119 4248 poterit
1134 4172 1165 4221 ds
1182 4171 1261 4221 feodis
1272 4171 1399 4234 predictis,

341 4237 391 4286 sire
401 4239 486 4288 dictus
495 4239 585 4288 Comes
601 4243 628 4286 et
643 4238 699 4300 eius
715 4237 819 4287 heredes
839 4253 867 4288 ea
879 4237 1009 4288 tenuerint
1025 4253 1052 4286 ιιι
1070 4237 1186 4298 serviciis,
1203 4237 1256 4285 sire
1268 4236 1303 4284 eis
1314 4235 1399 4298 aliquo

341 4305 452 4367 tempore
463 4303 490 4353 in
502 4303 626 4353 dominico
637 4302 785 4363 acciderint,
804 4303 841 4354 its
851 4303 920 4368 quod
932 4317 978 4353 nos
986 4301 1026 4352 rel
1036 4301 1138 4352 heredes
1149 4301 1230 4352 nostri
1240 4299 1318 4351 nichil
1328 4301 1401 4352 nobis

371 4389 402 4444 Η
