3252 4984
573 455 756 510 onumen
776 451 913 508 mnnx.
1246 435 1292 508 37
1302 435 1322 505 7

171 608 349 674 Tavistock
366 608 430 692 (St.
447 607 667 691 Eustochiae),
682 629 833 694 appropi.
844 611 878 673 to
893 605 1072 672 Tevistock
1089 605 1226 692 Abbey;
1251 609 1319 673 123.

170 711 370 798 Teingtercr,
385 711 532 777 Williem
545 711 594 790 de,
609 711 811 777 Prior-Elect
825 709 861 776 of
877 709 1103 790 Leuucestom
1128 712 1201 776 129.

171 814 305 892 Tenths‚
321 813 502 881 Collection
517 813 605 892 oi,—

235 918 311 982 Apud
330 918 460 980 Exouiam,
478 934 495 968 v
521 918 647 968 Kalendas
676 918 762 968 Marcii
781 915 824 982 [25
843 917 910 977 Feb,
934 913 1046 981 malci
1065 915 1233 966 mandabatur
1254 917 1318 968 Tbe-

266 983 376 1032 saurario
384 988 411 1033 et
420 983 559 1033 Bar-onibus
569 985 601 1034 de
610 983 742 1044 boaccario¹
754 983 802 1032 sub
813 983 859 1032 bac
870 983 951 1031 lormc
962 997 1011 1058 que
1022 981 1137 1046 sequitur
1150 997 1188 1031 :-

235 1048 300 1097 Viris
313 1047 502 1098 Venerabilibus
518 1052 545 1098 et
560 1048 673 1098 discretis
690 1047 812 1106 Dominis,
829 1047 993 1096 Tbesaureno
1008 1051 1036 1096 ct
1052 1047 1191 1096 Beronibus
1202 1047 1234 1096 de
1245 1047 1316 1097 Socc-

267 1112 340 1174 cario‚
353 1113 451 1172 Petrus,
462 1117 518 1174 etc,
530 1113 645 1174 salutem,
662 1113 840 1174 etc.‚-llegias
856 1127 937 1175 nupsi·
954 1112 1072 1161 Patentes
1088 1112 1234 1175 recepimus,
1251 1113 1318 1162 inter

268 1182 351 1226 cetera
361 1177 517 1227 continentes
533 1178 601 1241 quod
619 1192 664 1226 nos
679 1177 801 1240 arreragiis
821 1177 915 1236 Quinte
932 1175 1041 1237 Decime,
1052 1176 1100 1240 ipsi
1112 1177 1220 1226 Domino
1231 1182 1318 1227 nostro

268 1242 330 1306 Regi
340 1243 440 1292 dudum
451 1258 466 1291 a
477 1243 549 1292 Glero
561 1257 674 1291 concesse
691 1241 717 1290 in
734 1246 819 1290 nostra
836 1241 940 1300 Diocesi,
952 1241 1028 1290 levari
1042 1247 1069 1290 et
1080 1241 1112 1290 sd
1124 1241 1279 1291 Scaccarium
1290 1242 1317 1292 in

268 1307 362 1356 Pascha
370 1307 460 1356 Clauso
471 1307 496 1368 [1
507 1307 620 1370 April‚in
629 1305 703 1366 1285]
714 1305 813 1367 deferri,
822 1305 950 1369 ipsiusque
961 1305 1111 1356 Collectores
1121 1305 1148 1354 in
1157 1307 1203 1355 bac
1215 1306 1320 1356 instanti

269 1371 351 1420 media
373 1371 568 1434 Quadragcsima
591 1372 743 1435 compotum
771 1371 797 1419 in
820 1371 897 1420 vestri
918 1370 1046 1434 presencia
1066 1371 1209 1420 reddituros
1236 1372 1321 1421 venire

268 1436 414 1495 taceremus,
433 1441 460 1485 et
476 1437 544 1499 quod
560 1449 606 1486 noc
631 1435 807 1484 nichilominus
824 1450 868 1484 vos
886 1434 1007 1498 quicquid
1023 1450 1098 1498 super
1114 1435 1162 1484 hiis
1182 1435 1321 1498 fecerimus,

268 1515 313 1550 seu
324 1501 404 1550 iacere
415 1501 623 1564 pnopoeuerimuu
633 1517 677 1563 per
684 1505 782 1549 nostras
790 1499 884 1548 Literna
892 1499 1025 1549 cercior-are
1033 1515 1187 1549 curaremus.
1198 1500 1314 1550 Vestram

268 1565 353 1629 igitur,
366 1565 566 1627 Magnitudinem
584 1565 766 1614 cerciorandam
783 1564 890 1627 dignum
906 1563 1026 1613 duximus
1043 1579 1087 1628 per
1104 1565 1235 1613 Piueentes
1252 1565 1321 1629 quod

268 1645 314 1680 nos
325 1629 466 1693 porcionem
482 1631 513 1679 de
529 1631 657 1693 arreragiis
673 1629 768 1690 Quinte
784 1629 886 1678 Decime
902 1643 978 1692 quam
994 1628 1047 1692 jam
1064 1633 1177 1692 paratam
1193 1629 1323 1692 habemus,

269 1699 296 1744 et
306 1695 428 1758 quicquid
438 1695 470 1744 de
481 1695 542 1759 ipsis
551 1693 679 1758 arreragiis
696 1693 776 1742 levare
793 1693 938 1756 poterimus,
950 1709 1000 1756 que
1009 1693 1062 1758 jum
1075 1709 1120 1756 per
1130 1708 1175 1742 nos
1186 1698 1214 1743 et
1224 1698 1322 1744 nostros

268 1759 423 1822 exegerimus
439 1775 483 1823 per
493 1775 623 1809 censuram
640 1757 809 1808 omnimodam
821 1775 865 1821 pro
876 1758 971 1807 suibus
982 1757 1122 1822 diligenter,
1134 1757 1199 1808 infra
1210 1774 1321 1809 mensem

269 1829 327 1887 post
338 1823 438 1884 Pascha,
451 1825 483 1873 ed
494 1824 578 1888 ipsum
589 1823 744 1873 scaccarium
755 1823 824 1871 mitti
837 1823 1025 1886 procurabimus
1037 1837 1081 1886 per
1091 1823 1192 1872 clericos
1205 1827 1302 1873 nostros
1313 1841 1321 1884 ;

270 1903 314 1952 per
325 1903 388 1952 quos
400 1893 452 1937 tum
464 1904 509 1952 pro
525 1889 596 1938 nobie
613 1902 690 1952 quam
706 1903 751 1947 pro
768 1887 948 1936 collectoribus
959 1887 1026 1950 ipsis,
1038 1887 1082 1950 qui
1093 1887 1164 1936 nobie
1175 1889 1325 1952 respondere

269 1953 441 2002 immediacius
457 1953 639 2016 astringuntur.
654 1953 686 2001 de
696 1951 839 2015 quantitate
856 1951 934 2014 ipsius
951 1951 1045 2012 Quinte
1063 1951 1165 2001 Decime
1180 1953 1282 2002 collecte
1295 1958 1323 2004 et

271 2017 407 2082 colligendo
415 2017 486 2067 vobis
494 2018 614 2067 iaciemus
622 2023 684 2066 tunc
696 2016 816 2079 temporis
823 2015 932 2080 plenarie
938 2015 1088 2078 responderi.
1107 2016 1178 2066 Idem
1190 2017 1322 2068 scribimus

271 2082 303 2130 de
319 2081 442 2131 Vicesims
461 2087 546 2131 nostre
568 2082 679 2131 Diocesis
695 2080 804 2130 Domino
820 2085 906 2130 nostro
922 2081 1034 2144 predicto
1050 2096 1171 2141 concessa,
1183 2097 1260 2144 quani
1277 2097 1323 2146 pro

271 2146 389 2195 Termino
400 2147 485 2196 Sancti
498 2147 599 2196 Martini
609 2147 663 2210 jam
674 2145 793 2210 preterito
810 2160 868 2194 cum
879 2145 949 2194 omni
960 2145 1091 2208 diligencia
1101 2161 1179 2209 quom
1190 2163 1323 2210 possumus

270 2211 348 2260 levari
358 2211 470 2270 lecimus,
482 2217 509 2260 et
519 2211 639 2275 quioquid
651 2212 683 2260 de
697 2211 751 2274 ipsa
768 2209 850 2272 colligi
863 2210 955 2273 poterit
971 2210 1003 2258 ad
1020 2225 1132 2259 mensem
1148 2211 1321 2274 supradictum

271 2275 362 2325 deferri
383 2275 510 2336 iaciemus,
530 2276 674 2339 sumptibus
697 2281 724 2324 et
745 2273 854 2351 periculo
877 2274 979 2323 Domini
1002 2275 1083 2352 Regis,
1106 2275 1172 2324 sicut
1198 2276 1320 2336 Quintam

271 2341 400 2390 Decimam
416 2341 594 2404 supradictam.
628 2341 664 2390 Et
679 2353 799 2403 quoniam
815 2355 869 2388 sera
885 2338 971 2388 Brevis
988 2339 1060 2403 Regii
1075 2339 1184 2403 recepcio
1201 2345 1227 2390 et
1242 2341 1323 2404 ipsam

271 2405 402 2468 pecuniam
421 2405 554 2468 colligendi
579 2405 654 2454 nimis
676 2404 768 2454 festina
790 2403 924 2453 maturitas
946 2419 1004 2453 cum
1033 2405 1129 2468 majore
1147 2419 1192 2454 seu
1213 2405 1322 2455 citeriori

271 2470 403 2534 diligencia
423 2470 573 2520 Mandatum
595 2469 703 2533 Regium
725 2483 771 2517 nos
792 2468 897 2532 implere
924 2483 975 2517 uon
997 2468 1132 2531 paciuntur
1152 2469 1179 2518 in
1201 2471 1320 2534 presenti,

271 2539 380 2584 vestrum
413 2535 618 2598 circumspectam
650 2533 825 2583 discrecicnm
858 2537 886 2582 et
918 2533 1080 2596 prudenciam
1112 2533 1263 2596 reqtdrimus
1295 2539 1323 2585 et

270 2615 387 2663 rogamus
404 2599 524 2662 quatinus
540 2599 567 2648 in
584 2597 683 2661 quibus,
699 2601 773 2648 muta
788 2597 935 2647 maturitate
951 2613 995 2647 seu
1014 2597 1176 2648 festinacione
1191 2599 1321 2662 compulsi,

270 2669 347 2726 prout
372 2664 494 2714 vellemus
522 2663 706 2742 postulaciones
732 2661 811 2726 regias
839 2662 929 2726 exequi
956 2662 1116 2726 nequivimus
1142 2667 1170 2712 et
1195 2664 1322 2726 mandata,

264 2732 376 2844 xpp-stram
392 2728 706 2845 impotencipnpbhabcetis,
721 2726 743 2778 si
759 2726 897 2791 complicet,
910 2727 1218 2788 excusatam-Vestrum,
1236 2733 1317 2778 etc-

309 2798 366 2844 bnm
374 2797 406 2843 ut
416 2809 508 2857 supra;
542 2796 557 2842 2
589 2830 595 2842 .

135 2933 139 2944 .
170 2875 317 2952 Testard,
332 2873 459 2959 Henry,
474 2875 549 2939 inst.
565 2878 601 2940 to
616 2873 810 2960 Treneglos;
834 2875 906 2938 132.

170 2986 341 3064 Theatino,
356 2986 519 3052 Matthew
535 2985 576 3050 de
598 2985 657 3070 (ece
673 2983 786 3071 Pycot
801 2983 823 3050 J
824 2984 926 3067 ohn);
950 2987 1018 3051 112.

171 3088 397 3169 Thorverton3
418 3085 694 3175 Appropriuiicu
713 3087 752 3173 os
769 3086 820 3154 tle
841 3085 982 3172 Restm
1004 3093 1036 3154 1ο
1056 3087 1107 3154 tls
1128 3087 1226 3155 Decri
1246 3090 1320 3158 and

258 3173 401 3262 Chapter
414 3175 454 3261 of
470 3175 644 3253 Ecstor,-

236 3279 361 3330 Omnibus
377 3279 469 3330 Sancte
485 3278 573 3328 Matris
590 3277 698 3328 Ecclesia
714 3275 780 3339 illiia
792 3281 839 3326 etc
857 3277 955 3336 Petrus,
971 3281 1027 3338 etc,
1043 3276 1151 3328 salutem
1167 3279 1194 3328 tn
1211 3279 1320 3330 Domino

267 3341 1320 3409 sempiternam-QuoniamexinjunctonobisOfflciodebitoressumusutEcclesis·

267 3424 326 3459 rum
336 3413 363 3458 et
373 3409 410 3459 ibi
420 3409 475 3458 Deo
485 3407 665 3458 iemulsncium
681 3407 847 3470 possesiones
863 3407 930 3456 tueri
945 3410 973 3456 et
988 3421 1085 3470 augere,
1096 3407 1150 3458 loco
1161 3412 1188 3458 et
1198 3413 1318 3473 tempore,

268 3474 422 3536 studeamus,
442 3489 472 3523 eo
490 3473 611 3522 nimirum
632 3471 730 3522 intuitu
758 3470 939 3522 emonimm
966 3475 1109 3522 nostrorum
1137 3473 1319 3525 Exonlensium

267 3552 428 3588 communem
439 3542 466 3588 et
476 3537 573 3588 victum
584 3535 784 3598 substancialem‚
791 3535 823 3585 ad
834 3535 954 3585 bonorem
966 3535 1014 3585 Dei
1024 3540 1052 3586 et
1063 3535 1196 3588 serdoium
1208 3539 1317 3590 Ecclesia

266 3607 353 3654 nostre
368 3602 516 3653 Exoniends
532 3601 708 3662 roborandum.
724 3599 874 3664 amplificare
890 3599 1008 3662 volentes,
1020 3601 1186 3664 concedimus,
1203 3603 1318 3654 conflrm-

268 3682 348 3728 amus,
371 3671 399 3716 et
422 3666 611 3731 appropriamus
632 3665 742 3715 Ecclesia
764 3664 898 3726 antedicta,
914 3665 1022 3727 Decano,
1040 3670 1067 3716 et
1092 3667 1209 3731 Oapitulo
1231 3673 1317 3719 nostm

268 3732 371 3810 ibidem,
380 3731 516 3782 Ecclesiam
526 3732 558 3781 dc
569 3731 749 3806 Tburvertcne,
757 3729 831 3793 cujus
842 3729 890 3794 ipsi
901 3729 953 3779 veri
964 3729 1068 3780 Patroni
1078 3745 1132 3781 esse
1142 3731 1316 3796 dinoscuntur,

267 3793 1318 3922 mensuumlualffllsu

267 3931 295 3976 et
306 3925 423 3991 capitido
434 3939 613 3990 poscentum
622 3923 719 3988 pretate
730 3923 847 3986 Eccleue,
857 3937 980 3974 consensu
994 3928 1080 3974 nostro
1090 3925 1130 3975 vel
1141 3925 1319 3978 Sumessorum

268 3995 413 4041 nostrorum
434 4005 510 4054 super
528 3989 576 4039 boe
597 4003 649 4038 non
669 3988 798 4051 requisito,
815 3987 898 4050 libere,
915 3993 943 4038 st
960 3988 1014 4038 sine
1030 3988 1100 4039 omni
1120 3989 1269 4042 difficultate
1290 3997 1318 4043 et

267 4055 466 4106 contradiccione
487 4059 580 4115 nesus,
602 4052 643 4102 vel
669 4052 846 4103 Successorum
867 4057 1013 4103 nostrorum
1033 4053 1139 4118 ingredi,
1162 4059 1189 4105 et
1210 4057 1317 4107 undem

267 4117 854 4182 lioclesiamoumomnibnspertinenciisslbi
875 4118 1318 4172 etmcceascribussuishabcreet

267 4184 368 4248 panidos
386 4183 511 4248 possidere
537 4183 731 4246 imperpetuum
773 4180 817 4231 lta
843 4182 911 4260 quod
936 4181 1136 4234 emolumentum
1162 4183 1222 4236 inde
1248 4186 1318 4238 dicto

267 4249 556 4366 Capitulowprorenicns
582 4247 610 4297 in
628 4246 765 4297 cotidianas
791 4245 983 4324 distribucioncs
1015 4247 1198 4300 omonioorum
1220 4251 1264 4314 qui
1291 4251 1319 4302 in

267 4315 357 4379 majori
414 4313 512 4365 wdone
531 4311 619 4363 eodem
640 4311 681 4362 die
708 4310 735 4362 in
757 4309 867 4362 civitate
888 4315 1016 4375 uocantes
1031 4311 1128 4364 insint
1149 4319 1318 4379 moveretur,
