3304 4978
581 483 764 541 caussas
780 485 911 540 murex.
1238 457 1310 532 243

149 637 202 706 St.
214 637 608 727 Anthony·in·Roeeland
618 664 625 705 :
637 639 833 707 Dedication
844 639 880 706 oi
894 639 952 706 the
963 634 1247 715 Parieh·Ohurch;
1263 631 1310 704 7¹³.

148 760 201 828 St.
218 761 369 827 Austell:
391 760 588 827 Dedication
603 760 639 826 of
660 760 718 827 the
733 759 1017 840 Pudet-Ohurch3
1039 763 1070 824 8.

149 881 203 948 St.
219 881 367 948 Breoke:
390 881 586 949 Dedicstion
601 881 636 948 oi
658 881 716 948 the
730 880 1016 962 Parieb·Cburch;
1037 880 1081 950 71‘.

147 1009 201 1076 St.
227 1009 401 1076 Breward:
434 1011 693 1098 Appropriation
722 1009 758 1076 oi
790 1009 858 1076 this
891 1008 1023 1077 Ohurob
1057 1015 1093 1076 to
1123 1007 1182 1074 the
1212 1005 1308 1072 Dean

242 1121 308 1186 and
333 1121 479 1209 Chapter
498 1120 534 1188 oi
557 1121 697 1202 Exoter3
720 1121 787 1188 and
812 1121 865 1188 ior
888 1121 947 1188 the
967 1121 1168 1189 celebration
1193 1117 1229 1184 ci
1250 1117 1309 1183 the

243 1233 342 1300 Feest
367 1233 403 1301 oi
425 1233 474 1300 St.
493 1233 627 1300 Gabriel
647 1255 691 1300 on
714 1234 772 1300 the
803 1234 877 1300 first
899 1233 1042 1318 Monday
1063 1235 1099 1300 in
1117 1230 1310 1320 September

244 1325 310 1411 and
325 1345 362 1412 oi
384 1345 509 1432 Bishop
524 1345 786 1412 Brcnesccmbe'e
801 1345 873 1412 obit
887 1367 930 1412 on
945 1346 1003 1412 the
1017 1349 1099 1412 next
1114 1343 1181 1430 day
1193 1367 1246 1408 :-

220 1473 294 1524 Anno
306 1474 401 1536 eodem,
413 1475 440 1524 in
458 1473 576 1538 capitulo
585 1473 728 1536 Exoniensi,
737 1474 823 1524 Nonas
834 1475 989 1539 Septembris
1004 1475 1030 1537 [t
1047 1475 1124 1539 Sept,
1137 1471 1219 1536 12781,
1231 1471 1310 1522 exivit

255 1541 340 1590 litera
361 1541 409 1590 sub
425 1539 472 1590 hso
496 1539 759 1590 format-Universis
781 1540 872 1590 Sancte
900 1541 988 1590 listris
1005 1541 1114 1591 Ecclesia
1130 1539 1188 1590 filiis
1209 1553 1311 1602 presens

253 1605 382 1669 Scriptum
402 1604 492 1654 visuris
510 1605 550 1654 vel
571 1603 696 1654 audituris
718 1605 852 1667 Waltsrus,
871 1605 1032 1656 miseracione
1053 1605 1146 1655 Divina
1162 1603 1310 1654 llxcniensis

255 1671 401 1747 Episcopus,
423 1669 532 1720 salutem
553 1669 580 1719 in
603 1669 712 1718 Domino
733 1671 992 1734 sempiternam-Eo
1013 1671 1108 1736 puriori
1134 1669 1257 1720 desiderio
1283 1671 1311 1718 et

256 1735 402 1785 tervenciorr
429 1735 482 1784 selo
507 1734 574 1784 ielici
597 1734 701 1785 Gelestis
729 1735 804 1785 Curio
831 1736 943 1796 Senatui,
966 1736 1026 1786 licet
1052 1741 1138 1786 nostro
1162 1749 1214 1785 non
1240 1737 1312 1798 egeat

256 1801 402 1862 ministerio,
430 1799 551 1850 honorem
577 1813 654 1864 quem
681 1815 815 1864 possumus
842 1817 887 1864 pro
914 1805 1000 1852 ncetm
1027 1799 1181 1852 infirmitatis
1208 1797 1311 1848 modulo

255 1865 401 1930 impendere
415 1865 529 1926 nitimur,
541 1879 592 1929 quo
606 1865 715 1914 eundem
731 1865 841 1915 humane
860 1865 1003 1930 tragilitatis
1019 1867 1133 1917 custodie
1149 1865 1274 1916 credimus
1284 1867 1312 1914 et

258 1946 386 1996 speramus
404 1931 565 1994 deputatum,
589 1929 664 1979 certia
685 1929 770 1980 Beatis
788 1931 923 1994 Spiritibus
946 1931 1071 1996 Angelicis
1091 1931 1164 1982 certis
1186 1929 1312 1979 Fidelium

256 1995 388 2045 animabus
399 2011 414 2044 a
425 1997 530 2044 Summo
542 1993 596 2045 Oeli
608 1994 701 2058 Opiflce
712 1995 905 2046 misericorditer
914 1997 1051 2060 assignatis
1075 1995 1184 2046 Proinde
1190 1994 1313 2044 celebrem

257 2061 372 2125 ejusdem
382 2060 457 2110 Ourie
467 2059 581 2109 Paranim
599 2059 728 2121 bisancii
736 2061 852 2110 videlicet
861 2061 989 2123 Gabrielis,
996 2062 1150 2122 memoriam,
1157 2061 1231 2124 cujus
1238 2059 1311 2108 bene·

257 2125 349 2185 ficium,
360 2126 452 2174 Divina
462 2125 562 2174 volente
570 2075 712 2186 ciemencia,
723 2126 871 2190 frequenter
885 2127 1009 2176 sensimus
1020 2127 1092 2176 nobis
1103 2125 1233 2204 proluisse,
1245 2123 1312 2174 sicut

258 2205 392 2254 possumus
408 2189 528 2239 honorare
555 2189 691 2254 cupientes,
714 2189 850 2240 Ecclesiam
876 2191 963 2241 Sancti
990 2191 1111 2242 Brueredr
1132 2191 1159 2240 in
1181 2188 1315 2250 Oornubia,

259 2255 332 2319 cujus
344 2255 483 2304 Advocscio
494 2269 526 2304 ex
536 2259 621 2304 nocua
628 2255 745 2304 canonica
755 2255 924 2319 adquisicicne
935 2257 967 2305 ad
978 2271 1023 2305 nos
1034 2257 1158 2320 pertinere
1168 2253 1314 2316 dinoscitur,

258 2321 357 2370 dilectis
368 2320 425 2370 filiis
441 2321 541 2369 Decanc
557 2324 584 2369 ct
601 2319 718 2382 Capitulc
735 2321 871 2370 Excniensi
886 2325 972 2370 nostro
988 2321 1015 2370 in
1031 2321 1143 2385 proprios
1160 2335 1221 2369 usus
1237 2319 1314 2381 assig-

258 2391 346 2436 natam
369 2385 491 2449 presentis
514 2385 678 2434 attestaoione
700 2385 754 2434 Scri
772 2391 829 2435 ture
848 2387 1036 2450 appropriamus
1058 2387 1085 2435 in
1107 2386 1188 2434 torma
1209 2383 1314 2432 inferius

260 2454 399 2512 muctam
416 2449 540 2510 videlicet,
562 2449 631 2514 quod
648 2449 738 2526 preiati
794 2465 871 2500 canus
892 2455 920 2500 et
942 2451 1087 2515 Capitulum
1105 2455 1132 2500 et
1151 2463 1238 2499 acrum
1259 2463 1314 2498 suo·

260 2531 375 2574 cessores,
395 2515 500 2578 singulis
522 2515 601 2574 annis,
620 2530 700 2577 pruma
726 2515 768 2564 die
790 2516 862 2564 Luna
884 2516 977 2566 biensis
999 2515 1161 2580 Septembris,
1179 2515 1206 2564 in
1227 2518 1315 2562 nostra

261 2580 352 2644 Majori
371 2579 480 2629 Ecclesia
499 2579 571 2628 Beati
586 2579 656 2628 Petri
673 2579 775 2641 Exonie,
792 2581 907 2656 ejusdem
926 2581 1013 2630 Sancti
1028 2581 1149 2630 Gabrielis
1168 2577 1314 2628 memoriam

260 2645 383 2694 consimili
400 2645 493 2694 bonore
511 2645 538 2694 in
552 2643 719 2693 luminaribus
738 2649 765 2694 at
783 2645 838 2694 alris
857 2661 906 2708 que
925 2647 952 2695 iu
972 2645 1019 2695 Dis
1037 2646 1134 2695 Natalis
1152 2643 1255 2694 Domini
1274 2642 1315 2692 vel

260 2710 354 2760 Pascha
376 2709 431 2758 fleri
446 2709 584 2770 consuevit,
601 2709 772 2772 sollempniter
793 2711 919 2760 celebrent
934 2711 1127 2774 imperpetuum.
1163 2709 1315 2760 Ordinantes

260 2774 862 2903 are

1183 2875 1190 2900 l

260 2905 374 2954 vicarius
388 2905 503 2954 similiter
518 2919 619 2968 presens
635 2903 767 2954 duodecim
784 2905 906 2968 denarios,
917 2905 1024 2968 quilibet
1037 2906 1146 2955 Clericus
1157 2905 1188 2953 de
1200 2903 1315 2953 Secunda

260 2971 351 3020 Forma
362 2969 388 3018 in
400 2969 480 3019 Sacris
491 2968 646 3018 constitutus
656 2984 700 3018 sex
711 2969 832 3030 denarios,
843 2969 951 3034 quilibet
962 2985 1024 3034 puer
1036 2969 1111 3020 Obori
1122 2970 1186 3019 infra
1197 2968 1313 3018 debitum

259 3049 395 3084 numerum
412 3034 522 3084 existens
539 3034 603 3082 duos
618 3033 740 3094 denarios,
756 3035 788 3083 de
804 3035 876 3084 bonis
896 3035 1005 3084 &alesia
1023 3039 1160 3084 memorate
1174 3033 1313 3098 percipiant

260 3099 398 3149 annuatim.
434 3099 593 3159 Ordinamus,
612 3099 722 3162 insuper,
742 3099 811 3162 quod
832 3099 859 3148 in
880 3100 994 3164 proxima
1015 3100 1131 3163 sequenti
1152 3099 1230 3149 tercia
1251 3097 1314 3146 ieris

260 3165 353 3214 mensis
364 3163 487 3227 ejusdem,
499 3163 615 3212 videlicet
630 3163 657 3212 in
674 3163 781 3212 crastino
799 3164 867 3214 Festi
886 3165 999 3228 predicti,
1011 3165 1056 3214 liat
1068 3165 1095 3214 in
1107 3163 1216 3214 Ecclesia
1226 3167 1313 3212 nostra

260 3229 373 3293 predicta
383 3230 568 3292 imperpetuum
580 3227 724 3290 sollempnis
730 3227 923 3278 Annisersarius
934 3230 995 3279 Dies
1006 3245 1050 3293 per
1061 3229 1171 3293 prefatos
1182 3229 1313 3278 Decauum

260 3300 287 3344 et
304 3293 458 3358 Capitulum,
477 3307 614 3356 eorumque
632 3307 791 3354 successores,
811 3309 856 3358 pro
875 3293 958 3344 anima
976 3300 1063 3344 nostra
1079 3299 1106 3344 st
1120 3309 1165 3357 pro
1182 3293 1314 3342 animabus

258 3360 324 3408 bone
335 3358 453 3408 memoris
464 3357 583 3406 Willelmi
598 3362 626 3406 et
637 3357 743 3420 Ricardi,
755 3359 960 3408 Psedacessorum
971 3365 1122 3420 nostrorum,
1132 3359 1312 3422 Episcopcrum

260 3423 363 3485 Excnie‚
375 3428 402 3472 et
413 3439 458 3488 pro
469 3422 600 3471 animabus
617 3423 700 3471 Patris
714 3427 741 3472 et
756 3423 844 3472 Matris
859 3429 950 3486 nostre,
962 3425 1149 3474 beneiadcrum
1160 3428 1313 3482 nmtrorurn,

259 3489 424 3566 omniumque
445 3487 570 3536 ffidelium
589 3487 786 3546 defunctorum
808 3487 845 3538 ita
864 3489 932 3552 quod
947 3489 1054 3553 quilibet
1066 3489 1206 3539 (laconicus
1225 3487 1251 3537 in
1265 3488 1312 3537 bac

259 3554 392 3616 sollempm
402 3551 639 3602 commemoracione
649 3567 750 3616 presens
761 3553 824 3602 duos
835 3553 934 3615 solidos,
943 3553 1050 3618 quilibet
1057 3555 1170 3604 Vicsrius
1181 3553 1314 3604 duodecim

259 3619 381 3680 denarios,
403 3617 511 3681 quilibet
527 3617 638 3666 (tiericus
656 3617 689 3666 de
711 3617 826 3667 Secunda
847 3619 938 3668 Forma
953 3619 980 3668 in
997 3619 1078 3668 Sacris
1093 3619 1249 3669 constitutus
1270 3633 1314 3668 sex

259 3683 381 3745 densdcs,
399 3681 507 3746 quilibet
524 3697 588 3746 puer
606 3681 681 3731 Obori
699 3683 763 3731 duos
781 3683 901 3744 denarios,
921 3683 975 3746 ipsc
994 3683 1042 3745 die,
1060 3685 1092 3734 de
1109 3685 1181 3733 bonis
1198 3683 1313 3747 ejusdem

259 3749 369 3798 Ecclesia
394 3751 516 3812 perpetuo
537 3745 688 3810 participant
711 3748 848 3798 annuatim.
891 3749 1038 3798 Statuentes
1057 3754 1089 3798 ut
1107 3749 1221 3812 quolibet
1239 3764 1313 3810 anno,

261 3814 339 3864 tercia
354 3813 416 3862 feria
432 3811 551 3876 predicta,
563 3811 654 3875 prefati
668 3811 784 3862 Decanus
802 3817 829 3862 at
847 3812 993 3876 Capitulum
1011 3817 1037 3862 et
1056 3829 1143 3864 eorum
1161 3829 1314 3863 successores

261 3879 414 3944 quingentos
432 3892 554 3942 pauperes
571 3875 665 3925 debiles
681 3881 785 3940 pascant
801 3877 951 3937 annuatim
968 3879 1005 3927 ita
1019 3879 1087 3942 quod
1110 3893 1207 3928 annona
1229 3879 1313 3942 cujus·

261 3945 324 3994 libet
339 3957 421 3992 unum
432 3941 563 3991 denarium
574 3941 657 3990 valeat
667 3941 694 3990 in
711 3942 843 3991 esculentia
859 3947 887 3991 et
901 3943 1046 4006 poculentis
1081 3943 1212 4004 Volumus,
1229 3943 1314 4002 eciam,

262 4014 289 4058 et
296 4009 442 4058 ordinamus
451 4011 481 4056 ut
492 4011 577 4056 totum
588 4005 718 4055 residuum
728 4011 897 4070 proventuum
908 4007 974 4056 dicte
986 4007 1094 4056 Ecclesie
1102 4007 1188 4058 Sancti
1197 4009 1317 4056 Brueredi

261 4074 328 4123 inter
337 4073 474 4123 Canoniccs
485 4087 548 4136 quos
559 4069 674 4134 utrisque
683 4071 915 4134 Scllempnitatibus
924 4072 1041 4134 predictis
1052 4071 1172 4122 interesse
1183 4073 1317 4135 contigerit

262 4139 385 4202 equaliter
403 4137 540 4197 dividatur,
560 4141 587 4186 st
605 4150 657 4184 non
675 4135 702 4184 in
720 4135 780 4184 alios
798 4151 859 4186 usus
876 4141 1052 4186 consmtstur:
1076 4137 1144 4186 salva
1163 4139 1317 4201 competenti

262 4203 360 4253 Vioaria
375 4203 402 4252 iu
418 4203 487 4252 dicta
504 4200 614 4250 Ecclesia
634 4200 720 4250 Sancti
739 4201 866 4261 Brueredi,
878 4215 955 4264 quam
972 4202 999 4250 in
1014 4205 1069 4250 tcto
1086 4201 1202 4264 altalagio
1216 4209 1242 4251 et
1259 4207 1315 4252 toto

264 4265 562 4328 Sanctuaric,-exceptis
589 4263 689 4314 duabus
719 4265 782 4314 acris
809 4266 952 4329 Anglicauis
979 4273 1052 4326 terre,
1080 4266 1107 4316 in
1135 4266 1228 4330 quibus
1255 4267 1309 4316 dict

265 4333 380 4383 Decanus
391 4337 418 4382 et
426 4331 574 4396 capitulum
589 4329 687 4394 possint
702 4329 909 4393 edificata—una
921 4345 980 4382 eum
993 4330 1096 4381 decimis
1109 4331 1244 4396 garbarum
1256 4332 1321 4384 Ville

318 4409 354 4474 Β,
