3224 4984
586 407 767 460 onustum
784 403 927 458 mnnx.
1293 389 1337 460 31

241 559 343 609 Sancto
354 561 496 622 Wslerioo,
504 561 627 611 Gelirido
635 561 667 610 de
680 560 849 622 hucksnore,
862 557 987 623 Magistro
995 559 1049 608 scs
1060 560 1091 610 de
1104 559 1227 622 lielstede,
1238 567 1265 611 et
1277 577 1333 611 ocn-

247 641 358 675 sensum
369 627 516 689 periberet
532 641 668 675 mesum
684 625 856 690 prebentibus,
873 625 943 674 idem
960 624 1083 674 Dominus
1102 625 1249 676 Exonieusis
1262 628 1333 691 Epis·

254 707 343 754 copus,
355 707 406 755 pro
418 708 447 740 se
459 697 487 740 et
498 691 613 741 Ecclesia
624 707 677 750 sus,
691 691 782 748 Priore.
795 691 930 740 eonventu
942 695 970 738 et
981 691 1090 740 Ecclesia
1103 691 1239 751 Bodminis,
1249 693 1333 754 plures

257 755 376 819 injurias,
398 758 520 820 dampna,
542 762 572 805 et
594 756 746 819 gremmine,
761 756 836 804 dictis
855 755 935 804 Priori
954 759 981 803 et
1001 755 1142 806 &eventui
1163 773 1207 820 per
1227 757 1335 806 leliros

262 822 370 870 Domini
395 823 474 884 Regis
498 820 672 870 Romanorum
694 820 800 884 predicti
822 821 849 868 in
867 820 1001 880 cornubie,
1020 825 1107 870 contu
1130 822 1214 872 Deum
1235 827 1262 872 et
1283 823 1335 886 jus·

267 887 362 944 ticisrn,
386 887 414 935 in
444 887 502 950 ejus
530 885 701 950 prejudicium
730 885 800 934 illsts
826 885 904 934 inisse
932 885 1069 948 proposuit,
1094 891 1120 935 et
1142 901 1218 950 super
1240 886 1290 936 biis
1314 895 1340 936 et

272 951 326 1000 eliis
348 951 457 1000 dirersis
476 950 577 1013 injuriis
597 950 714 1014 dampnis
731 956 759 999 ct
778 949 973 1014 gravaminibus,
992 950 1038 998 sibi
1058 957 1085 1000 ct
1105 951 1210 1000 divmsis
1301 954 1339 1002 nis

275 1017 457 1065 Eeclennues
479 1021 506 1065 et
526 1016 590 1076 eliis,
611 1021 700 1064 contre
720 1030 880 1064 communem
902 1015 1031 1078 justicium
1053 1021 1080 1064 et
1102 1021 1189 1066 contrs
1211 1017 1229 1066 li
1261 1023 1339 1067 rtstes

276 1081 324 1130 sub
354 1082 517 1131 susthemste
546 1096 674 1130 conoesess
696 1096 740 1143 per
761 1080 863 1129 eosdem
891 1080 1001 1130 lelivos
1024 1081 1159 1144 periuriose
1181 1081 1264 1142 illatis,
1293 1083 1339 1132 Ar-

278 1146 369 1195 ticulcs
380 1147 407 1195 in
426 1146 525 1209 scriptis
544 1146 660 1202 tradidit,
680 1151 707 1194 et
722 1145 839 1194 similiter
852 1145 979 1194 Arb'culcs
998 1161 1013 1193 s
1032 1146 1129 1210 preisto
1148 1147 1257 1196 Domino
1274 1148 1340 1210 Rege

279 1213 452 1261 Romanorum
471 1211 519 1259 sibi
536 1211 637 1260 dudum
656 1211 769 1270 truditis,
786 1210 906 1274 injurium
925 1209 1003 1273 ipsius
1024 1211 1138 1274 Episcopi
1153 1217 1181 1260 st
1195 1227 1299 1261 suorum
1318 1213 1340 1260 si

279 1277 333 1324 reri
351 1281 415 1325 sunt
432 1277 597 1335 continentes,
616 1290 699 1324 coram
713 1275 748 1324 eis
763 1275 884 1334 arribuit,
904 1274 1054 1324 discrecicne
1067 1280 1094 1324 ct
1110 1275 1235 1326 industris
1254 1293 1340 1326 eorum

280 1341 416 1404 dssigenter
432 1341 618 1390 examinandos
654 1341 727 1390 Unde
743 1340 847 1404 pretatis
864 1339 984 1388 Articulis
1000 1341 1119 1389 omnibus
1135 1341 1269 1404 diligemn
1284 1357 1341 1391 oon·

280 1407 397 1455 sirlerstis
408 1405 567 1467 etexquisite
578 1405 728 1470 ponder-stis,
740 1405 772 1454 de
784 1404 897 1454 unanimi
908 1419 1030 1454 consensu
1042 1411 1068 1454 et
1087 1405 1218 1456 roluntste
1228 1406 1341 1456 omnium

281 1472 461 1534 predictorum,
484 1471 550 1519 idem
574 1470 699 1518 Dominus
719 1469 843 1518 Henricus
866 1469 1047 1533 querirnoniun
1069 1471 1242 1520 Articulorum
1264 1471 1342 1534 ipsius

282 1536 401 1600 Episcopi
429 1536 601 1585 continentem
623 1535 830 1592 vendicscionem‚
861 1535 1059 1594 distrsccionem,
1086 1535 1270 1596 slieuscc'onem,
1298 1553 1341 1586 seu

281 1601 474 1664 cccnpscionem
485 1601 610 1650 bonorum
622 1600 714 1650 Prioris
731 1605 757 1648 et
774 1599 920 1650 murense
937 1599 1106 1662 predictorum
1124 1615 1239 1664 expresse
1255 1617 1341 1664 oppro-

281 1667 355 1714 bsrit
372 1671 400 1715 et
418 1666 514 1729 jrntsm
532 1681 585 1714 esee
604 1665 785 1728 pronunciavit,
803 1669 830 1713 et
852 1664 973 1728 quicquid
989 1665 1016 1713 in
1035 1665 1188 1716 contrarium
1205 1665 1289 1716 iuerst
1305 1673 1342 1716 st·

283 1736 441 1794 temptatum
452 1735 539 1779 contre
549 1729 678 1792 justicism
689 1731 786 1778 isctnm
799 1729 878 1778 inisse
895 1729 1012 1789 decrerit,
1024 1735 1052 1778 et
1062 1745 1138 1794 super
1149 1729 1196 1780 boc
1210 1731 1342 1781 emendem

283 1797 436 1858 condignum
458 1795 513 1844 fleri
530 1795 693 1858 sdjudicsvit,
711 1801 739 1844 et
761 1795 843 1844 dictos
863 1795 1015 1858 Episcrpum
1035 1801 1061 1844 et
1082 1795 1194 1845 Priorem
1212 1801 1240 1844 st
1256 1811 1343 1846 eorum

284 1861 409 1910 Ecclesiss
418 1861 445 1909 in
462 1875 538 1909 suum
553 1865 651 1909 stetum
667 1859 788 1909 restituit
824 1859 906 1923 Super
920 1859 982 1919 niis,
995 1875 1060 1920 ruo,
1072 1857 1193 1910 Articulis
1208 1860 1343 1923 hincinde,

284 1932 316 1975 ut
334 1926 432 1974 dictum
447 1929 494 1982 est,
509 1924 617 1984 truditis,
637 1941 682 1988 pro
697 1941 726 1973 co
743 1923 811 1988 quod
826 1925 852 1972 in
872 1924 976 1974 dirersis
995 1925 1069 1974 isctis
1085 1925 1235 1985 consistunt
1255 1927 1343 1976 ecdem

284 1991 361 2040 modo
381 1989 501 2040 diffinivit
516 1991 585 2054 quod
608 1990 676 2039 iscts
692 1991 834 2054 peripsum
851 1989 890 2038 vel
906 1990 939 2039 sd
958 1990 1015 2053 ejus
1039 1991 1196 2052 mandatum,
1218 2007 1263 2054 per
1283 1991 1344 2042 slios

285 2055 427 2118 fidsdignos
448 2059 475 2104 et
492 2055 619 2116 discretos,
639 2071 690 2104 non
710 2059 846 2118 suspectus,
866 2053 931 2104 inire
952 2054 1064 2118 proxime
1082 2061 1218 2105 venturum
1239 2057 1343 2106 Festum

286 2121 386 2170 Nstslis
397 2120 507 2180 Domini,
518 2135 595 2183 super
605 2135 693 2169 eorum
705 2119 810 2168 veritate
821 2119 986 2182 inquisicione
997 2119 1120 2184 diligenti,
1136 2121 1342 2196 composicionem

286 2191 313 2234 et
324 2187 458 2234 unendsm
469 2191 546 2249 prout
556 2185 656 2250 justum
668 2185 746 2234 luerit
757 2184 815 2234 binc
829 2185 888 2232 inde
901 2183 955 2232 lieri
966 2185 1070 2234 indilste
1084 2201 1112 2234 sc
1124 2191 1205 2234 tenen
1216 2191 1243 2234 et
1253 2187 1345 2236 serrsri

286 2251 525 2348 iscietinoencpsse
559 2251 642 2299 'l'enor
657 2249 831 2298 submissionis
848 2248 952 2298 Domini
970 2249 1042 2312 Regis
1060 2247 1228 2299 Romanorum
1240 2251 1344 2314 predicti

286 2316 346 2364 telis
356 2322 412 2372 est;
426 2317 457 2364 38
473 2351 480 2362 .

253 2407 287 2416 -
298 2382 374 2429 Anno
385 2386 413 2429 et
423 2380 477 2428 loco
485 2379 586 2438 eisdem,
595 2380 656 2429 ieris
663 2395 679 2426 v
687 2379 712 2429 in
720 2379 859 2431 ebdomeds
867 2379 1028 2428 Pentecostes
1035 2379 1132 2442 [“spud
1142 2379 1295 2444 Lugdunum
1300 2378 1346 2418 '’—

288 2449 318 2494 22
340 2447 405 2507 lisy,
423 2445 504 2506 1274).
516 2444 595 2493 exirit
612 2445 696 2494 Litern
712 2445 760 2493 sub
776 2443 823 2492 hec
839 2444 920 2492 forms
931 2443 1099 2493 :-Universis
1115 2445 1346 2494 sto—Mcndstum

289 2510 466 2558 Penitencisrii
495 2510 597 2558 Domini
624 2511 690 2572 Pspe
718 2509 873 2572 suscepimus
900 2508 927 2556 in
955 2509 1001 2558 hcc
1028 2509 1294 2558 vertet-Venerabili
1320 2512 1346 2560 in

290 2576 392 2625 Christo
421 2575 490 2624 Petri
516 2579 563 2624 ete
619 2575 723 2635 Datum,
751 2575 873 2622 etc-Ad
902 2573 1086 2632 Universitstis,
1116 2575 1201 2638 igitir,
1229 2575 1347 2626 noticiam

290 2647 378 2689 tencre
406 2640 565 2688 Presencium
596 2640 713 2688 volumus
740 2639 868 2701 pervenire
893 2638 962 2700 qnod
990 2653 1035 2686 nos
1063 2639 1167 2701 predicti
1196 2639 1347 2690 snctcritntc

290 2705 412 2764 simmei,
424 2705 511 2753 auditu
529 2704 643 2767 ejusdem
661 2703 752 2753 Prioris
763 2703 924 2764 confessione,
942 2703 1048 2766 ejusque
1059 2704 1210 2754 contricione
1222 2711 1249 2754 et
1262 2711 1347 2755 rectus

289 2770 414 2832 qnslitste
441 2769 574 2832 diligenter
606 2769 724 2832 penurtis,
752 2768 919 2831 penitenciam
941 2767 1125 2832 infrascriptum
1152 2770 1200 2818 sibi
1226 2769 1348 2820 duxituus

289 2835 472 2898 injungendam
485 2851 492 2895 ;
507 2835 623 2882 videlicet
633 2835 701 2898 qood
718 2849 776 2883 eum
794 2833 1016 2882 excrmmunicstis
1032 2833 1063 2882 de
1080 2839 1163 2882 cetero
1174 2835 1281 2884 scienter
1296 2851 1347 2885 non

291 2900 468 2958 communicet,
485 2905 512 2948 et
527 2899 596 2962 quod
613 2899 701 2948 diebus
718 2899 884 2948 comitatuum
898 2913 963 2961 quos
973 2898 999 2946 in
1017 2899 1103 2959 Burgo
1120 2899 1251 2948 Bodminie
1267 2901 1347 2950 teneri

291 2965 429 3028 continget,
441 2971 467 3013 et
483 2965 538 3013 aliis
554 2963 735 3027 sollempnibus
751 2962 985 3026 congregscionibus
1002 2963 1121 3012 lsicornm
1132 2963 1165 3012 de
1175 2965 1346 3014 excommuni-

291 3030 391 3078 utcione
413 3035 593 3092 suspectorum,
612 3029 703 3077 Divino
720 3029 806 3078 Officia
827 3027 918 3076 diurne
939 3043 999 3076 curn
1021 3027 1154 3092 sollempni
1174 3029 1300 3079 csntiiens
1321 3031 1347 3081 in

292 3095 460 3144 conventuali
472 3095 581 3144 Ecclesis
597 3093 729 3143 Bodminie
745 3093 863 3142 celebrari
879 3107 930 3141 non
946 3093 1084 3156 pennittst,
1096 3099 1135 3142 set
1146 3093 1270 3144 submisse
1281 3111 1347 3158 voce,

292 3160 383 3208 clnusis
399 3159 467 3209 chori
486 3160 563 3219 ostiis,
582 3163 609 3208 et
626 3158 732 3207 exclusis
750 3159 782 3206 de
798 3157 1056 3206 excommunicsoicne
1071 3159 1165 3208 notetis
1181 3159 1272 3209 Divina
1286 3161 1348 3209 cele·

293 3227 406 3286 breuior,
418 3229 445 3274 et
456 3225 524 3288 quod
535 3225 603 3273 idem
616 3223 686 3272 Prior
696 3223 722 3272 in
733 3223 841 3272 Ecclesia
849 3239 896 3272 sus
904 3223 1174 3287 predictsssollempni
1183 3225 1348 3275 celebracione

292 3291 418 3339 obstineat
431 3305 563 3353 quousque
577 3288 638 3337 dicti
649 3289 859 3337 excommunicati
874 3287 1038 3336 absoluciouis
1051 3288 1199 3339 beneficium
1210 3291 1351 3340 meruerint

291 3356 412 3416 obtinere,
424 3357 461 3404 vel
475 3354 623 3418 hujusmodi
635 3353 800 3416 penitencism
813 3353 960 3402 duxerimus
972 3353 1187 3404 committendam.
1221 3355 1348 3418 commin,

294 3427 324 3470 ut
335 3422 402 3469 idem
420 3421 490 3470 Prior
506 3421 531 3468 in
550 3419 591 3467 die
603 3418 689 3468 Sancti
701 3419 798 3467 Petroci
809 3423 836 3466 et
852 3433 883 3466 ex
896 3423 958 3466 tnnc
975 3419 1000 3466 in
1012 3417 1093 3467 iormc
1104 3419 1240 3484 prescripta
1258 3421 1350 3471 Divins

294 3487 373 3550 possit
390 3486 519 3545 celebrare,
536 3483 689 3533 eucwntste
709 3481 782 3532 nobis
798 3483 824 3531 in
842 3482 888 3531 hec
901 3489 972 3546 perte
983 3483 1120 3546 commisse,
1132 3499 1191 3534 otim
1208 3501 1237 3534 eo
1254 3485 1349 3536 miseri·

294 3553 401 3601 corditer
411 3549 727 3616 dispensemus-Dstum
741 3547 858 3612 Lugduni
869 3564 874 3608 ;
892 3549 929 3598 tt.

195 3660 271 3721 -Α
283 3657 497 3724 Commission
508 3677 577 3722 was
590 3653 736 3720 directed
745 3660 780 3718 ιο
792 3653 849 3718 the
861 3653 1037 3718 Trcesurer
1048 3653 1084 3718 oi
1094 3653 1151 3719 the
1164 3653 1351 3734 cathedre,

283 3752 317 3810 ιο
332 3747 385 3811 Sir
399 3745 543 3812 Richsrd
561 3743 604 3807 de
622 3739 881 3816 Brendeswrthe,
892 3762 953 3806 one
968 3740 1004 3804 of
1019 3739 1076 3805 the
1086 3739 1226 3816 Oenone,
1237 3743 1303 3806 ond
1315 3749 1350 3808 to

284 3833 432 3913 william,
452 3835 551 3900 Prior
578 3828 617 3895 of
640 3828 779 3902 Οἰοονο,1
803 3833 838 3891 ιο
865 3828 944 3892 hesr
963 3827 1029 3891 und
1051 3827 1149 3892 settle
1174 3849 1195 3892 e
1220 3828 1352 3912 disputo

283 3919 424 3989 between
452 3923 549 3990 John
582 3915 625 3980 de
658 3914 745 3992 Esse,
771 3914 983 3980 Archdeecon
1013 3913 1048 3978 oi
1082 3913 1258 3988 Cornwsll,
1287 3913 1353 3976 end

207 4103 1358 4134 ...W-‘—

668 4222 674 4256 ¹
691 4223 777 4286 Clyte,
789 4222 840 4275 lla
