3282 4992
341 498 439 554 sons
465 496 801 554 rioci-wmnnn
828 497 878 552 nn
903 496 1160 553 nnccnnnsns.
1238 477 1311 551 449

224 653 257 703 de
280 653 357 704 Porto
372 653 502 704 convictus
518 653 570 704 tuit
585 653 618 702 de
634 651 726 702 telonio
742 666 820 717 quem
841 651 941 712 iecerat,
959 657 987 702 et
1005 667 1141 716 suspensus
1163 652 1204 702 die
1225 653 1312 703 Sancti

225 718 347 782 Stephnni
358 718 400 782 [26
411 717 492 782 Deo.],
505 721 579 768 Anno
593 717 754 796 Regmiiegis
761 717 880 767 Edwsrdi
890 717 994 778 XIIIJ0,
1005 717 1114 767 Thomas
1128 719 1160 767 de
1172 718 1236 782 Pyrr,
1248 722 1312 768 tunc

221 783 363 834 Viceoomes
381 784 500 845 Deionis,
511 783 616 849 seysivit
630 799 657 832 m
673 798 752 832 msnu
768 782 871 832 Domini
890 782 965 846 Regis
981 797 1062 832 unum
1079 783 1235 846 mesuagium
1255 798 1313 833 oum

223 849 384 963 attinenciis
397 849 424 899 in
441 849 501 899 ville
512 849 544 898 de
555 850 648 898 Sancto
660 848 796 908 leonardo,
807 849 877 911 quod
892 847 1021 910 predictus
1037 847 1164 897 Ainredns
1181 847 1271 897 hebuit
1282 849 1314 898 de

173 939 177 948 .
262 929 328 974 omn,
346 915 455 964 Persona
476 914 585 964 Ecclesie
606 913 638 962 de
661 913 753 964 Sancto
776 913 912 972 Iieonsrdo,
936 913 968 961 nd
995 912 1134 962 terminum
1158 912 1211 962 vite
1233 913 1312 976 ipsius

223 978 335 1042 Aluredi,
347 983 374 1028 et
385 980 453 1043 quod
470 979 627 1042 mesnagium
644 993 702 1028 cum

717 977 878 1042 pertinenciis
894 977 947 1026 iuit
962 977 1040 1026 libere
1055 977 1191 1027 elemosina
1202 977 1312 1027 Ecclesie

223 1043 330 1108 predicti
340 1043 436 1094 'l'home
447 1045 478 1093 de
490 1044 583 1094 Sencto
600 1043 747 1103 heonsrdo;
766 1043 841 1092 etde
860 1042 870 1090 i
932 1042 997 1092 illud
1014 1043 1106 1104 tenuit,
1118 1047 1148 1092 ut
1168 1043 1310 1106 predictum

222 1113 267 1158 est
292 1109 566 1172 Dicuntecism,quod
574 1107 817 1174 predictus'lhomss
825 1107 857 1156 de

931 1107 1072 1170 predictum
1084 1109 1240 1170 mesuagium
1251 1123 1310 1157 cum

223 1173 383 1238 pertinenciis
404 1189 420 1224 s
435 1173 548 1238 predicto
564 1173 605 1223 die
627 1173 712 1223 Sancti
733 1171 854 1236 Stephani
870 1187 952 1236 usqne
971 1187 1040 1221 nunc
1055 1187 1154 1234 semper
1169 1173 1261 1234 tenuit,
1284 1179 1311 1222 et

225 1238 307 1288 ndhuc
324 1243 403 1302 tenet,
413 1239 511 1288 mcione
527 1237 647 1302 predicte,
658 1241 686 1287 et
702 1237 768 1302 quod
786 1237 845 1287 inde
862 1237 971 1286 Domino
988 1236 1051 1300 Regi
1066 1237 1098 1286 de
1114 1253 1180 1286 enno
1196 1243 1224 1287 et
1239 1241 1310 1286 vesto

296 1303 372 1353 ndere
383 1303 531 1354 debet-In
542 1303 616 1368 cnjus
627 1302 663 1352 rei
674 1303 841 1352 testimonum
858 1301 964 1365 predicti
980 1301 1066 1352 Jureti
1076 1302 1137 1352 huic
1148 1302 1310 1366 Inquisicioni

239 1368 246 1380 “
316 1369 569 1434 snseppcsuenmt.”

257 1432 294 1499 (9)
309 1432 383 1483 From
399 1433 438 1483 se
453 1433 544 1497 Report
564 1448 597 1482 on
612 1435 653 1482 ue
672 1431 745 1482 MSS.
763 1433 792 1481 s'n
819 1429 888 1482 welo
911 1430 1043 1481 caueret
1063 1429 1215 1492 (Hietotiocl
1237 1431 1315 1482 MSS.

225 1496 537 1559 commi-Oetes
552 1497 701 1560 peniculon
717 1495 831 1559 ιοιιοιιορ
852 1495 941 1546 Walter
955 1495 985 1546 de
1001 1495 1141 1547 ιοοοιοιοάο
1150 1517 1192 1548 .·-

255 1563 337 1612 When
348 1563 486 1613 succentor
497 1563 524 1612 oi
539 1563 624 1623 Wells,
636 1563 668 1612 he
679 1562 766 1611 bound
778 1561 879 1610 himself
887 1565 915 1610 ιο
926 1577 959 1624 ps
986 1561 1030 1610 the
1041 1566 1111 1611 rents
1122 1563 1149 1610 oi
1164 1561 1210 1612 the
1220 1561 1311 1611 houses

222 1627 249 1676 ol
265 1627 387 1692 Beginnld
404 1629 480 1689 steri,
492 1628 565 1678 Wosr
576 1628 602 1676 oi
619 1626 823 1677 Wells.-Deted
839 1641 872 1675 on
892 1625 936 1676 the
993 1627 1085 1690 msdsy
1102 1627 1167 1676 efter
1178 1627 1215 1676 St
1229 1627 1309 1677 Outh-

222 1692 299 1742 bert¹s
310 1693 366 1758 Dsy
375 1693 418 1756 [22
430 1691 535 1754 lderch1,
549 1693 612 1743 1268
629 1695 701 1756 (pege
713 1689 766 1754 53).

255 1758 432 1822 -Appointed
447 1773 495 1807 one
511 1758 538 1808 oi
554 1759 599 1807 the
618 1757 735 1806 Prootors
752 1757 779 1805 oi
795 1755 839 1805 the
857 1755 969 1819 Chapter
983 1755 1011 1805 oi
1028 1753 1116 1818 Wells,
1134 1757 1200 1820 “pro
1210 1756 1312 1820 negocio

220 1821 363 1873 Decenstus
373 1838 494 1887 suspenso
505 1839 549 1887 per
560 1823 588 1872 B.
598 1824 630 1872 de
641 1821 766 1886 Nympho,
778 1821 929 1870 auctoritate
940 1821 1082 1871 Litererum
1092 1821 1194 1871 Domini
1203 1822 1269 1885 Pspe
1280 1837 1286 1882 ;
1296 1822 1311 1843 ”

224 1888 255 1937 1s
270 1887 412 2002 nmo
429 1889 502 1952 (page
515 1889 564 1947 oo).

405 1953 432 2002 oi
451 1953 496 2002 the
508 1953 580 2001 Prior
590 1951 640 2001 end
658 1951 757 2002 Oenone
768 1951 795 2000 oi
812 1950 935 2010 Berlinch,
949 1951 982 2015 by
994 1951 1075 2000 which
1084 1951 1142 2015 they
1156 1952 1218 2000 bind
1229 1951 1311 2000 them·

223 2015 302 2066 solves
312 2022 340 2066 ιο
350 2033 400 2081 puy
411 2019 462 2067 80s.
472 2033 518 2082 per
529 2033 624 2066 annum
634 2021 662 2066 to
677 2017 722 2066 the
737 2016 768 2065 D.
781 2015 802 2064 1ο
813 2016 838 2066 O.
852 2015 879 2064 oi
895 2015 980 2076 Wells,
992 2017 1019 2064 in
1030 2017 1211 2066 consideration
1223 2017 1250 2065 oi
1267 2018 1312 2066 the

222 2081 327 2132 benefits
346 2082 459 2132 received
478 2083 545 2130 trom
564 2083 701 2132 succentor
715 2081 812 2131 Walter
828 2081 860 2130 de
879 2080 1089 2141 Lechclsde,who
1105 2081 1154 2130 hod
1171 2081 1275 2145 bought,
1285 2081 1310 2130 in

221 2146 265 2195 the
281 2161 355 2196 neme
371 2146 458 2196 ottho
475 2147 615 2196 Executors
633 2146 660 2195 oi
682 2145 764 2210 Relph
780 2146 813 2194 de
838 2145 977 2205 Lolintone,
995 2145 1060 2195 from
1083 2147 1127 2196 the
1145 2146 1241 2196 Abbess
1259 2147 1310 2195 end

223 2210 339 2260 Conveni
353 2211 380 2261 ol
397 2211 539 2272 chstowe‚
556 2211 605 2260 five
621 2210 724 2274 ferlings
741 2210 768 2259 oi
784 2211 887 2259 lendin
902 2211 947 2260 the
964 2211 1052 2259 Minor
1068 2211 1095 2260 oi
1112 2211 1198 2260 Morbo
1219 2209 1310 2275 [liore-

221 2275 291 2338 beth,
308 2275 416 2340 Devon],
433 2276 473 2325 ior
490 2275 632 2340 thirty-five
657 2276 748 2334 merke,
769 2275 824 2336 but,
844 2275 928 2338 seeing
944 2276 966 2324 it
982 2275 1065 2325 would
1088 2276 1119 2326 be
1136 2291 1195 2340 very
1217 2277 1310 2325 eduen·

223 2344 328 2404 tegeous
338 2345 366 2391 to
377 2341 456 2402 them,
468 2341 519 2390 hed
530 2341 621 2390 caused
638 2340 682 2390 the
698 2340 752 2390 seid
766 2339 826 2389 lund
841 2345 868 2390 ιο
882 2341 915 2390 ιο
929 2341 1055 2406 eonveyed
1070 2345 1098 2391 ιο
1108 2340 1311 2404 them-Deted,

224 2404 262 2456 St
275 2404 587 2470 Edmundthehiertyr's
598 2407 654 2470 Dsy
670 2405 713 2468 [20
725 2403 810 2469 Nov.],
823 2404 886 2458 1277
904 2405 976 2469 (pege
988 2407 1018 2455 69
1021 2415 1039 2466 1.

256 2602 309 2666 (10)
328 2603 381 2653 Rot.
398 2601 455 2654 Pae
471 2603 502 2653 10
518 2602 585 2654 Briso.
603 2603 633 2666 1,
649 2618 680 2653 m.
699 2601 810 2653 14.-De
827 2602 1142 2654 Pisaeum-somnne
1158 2603 1190 2652 de
1206 2603 1311 2666 ilionis,

219 2667 334 2718 Decsnus
342 2668 444 2730 llxonie,
475 2668 544 2718 uide
556 2668 750 2732 licencinRegis
762 2667 921 2731 proiecturus
933 2673 972 2718 est
983 2669 1015 2718 ed
1027 2673 1110 2732 portes
1121 2669 1307 2730 transmarinus,

220 2732 297 2782 hebet
309 2733 405 2783 literas
417 2734 449 2782 de
508 2733 619 2783 teocione
630 2749 674 2797 per
682 2748 763 2782 unum
774 2748 870 2782 annum
882 2735 1024 2795 duraturas,
1036 2749 1094 2782 oum
1107 2734 1152 2782 hec
1164 2735 1308 2783 clausule-

219 2797 351 2859 Volumus,
360 2803 406 2847 etc.
418 2799 573 2848 etc-Teste
585 2799 659 2862 Rege,
670 2798 738 2862 apud
750 2798 876 2861 Stenleye,
888 2798 949 2861 xxiij
960 2797 1001 2847 die
1014 2798 1105 2862 Aprilis
1116 2799 1209 2860 [12112]Ι

256 2862 308 2924 (11)
324 2863 392 2924 did,
410 2878 443 2912 m.
456 2863 567 2912 lc-De
583 2863 880 2912 idomate-lohannes
897 2863 929 2912 de
946 2863 1050 2924 Exonin,
1069 2862 1187 2912 Decsnus
1208 2865 1311 2926 Exonie,

222 2927 309 2990 quide
321 2927 435 2977 licencia

447 2927 522 2992 Regis
533 2928 661 2991 proiectus
672 2932 712 2978 est
726 2929 758 2978 ed
775 2932 858 2992 putee

875 2927 1061 2986 transmarinos,
1074 2928 1213 2978 ettomevit
1229 2944 1312 2979 cerem

222 2992 297 3055 Rege,
310 2993 364 3043 loco
376 3009 429 3054 suo,
437 2993 578 3042 Hem-ioum
589 2993 621 3042 de
630 2993 775 3056 Steneweye
784 2998 810 3042 οι
822 2992 961 3043 Robertum
972 2993 1004 3042 de
1015 2993 1101 3058 Eynsc,
1110 2995 1142 3042 sd
1154 2993 1312 3052 lucrandum,

222 3061 279 3117 etc,
291 3057 318 3106 in
329 3058 447 3107 omnibus
460 3058 570 3119 Flectitis,
582 3063 631 3107 eto.
644 3073 802 3121 perannum,
813 3058 969 3108 etc—Teste
980 3059 1054 3120 Rege,
1066 3063 1097 3107 ut
1113 3073 1197 3122 supra.

256 3123 308 3184 (12)
325 3122 394 3183 tiu,
405 3138 437 3172 m.
451 3119 799 3172 sewensis-wiltona
809 3123 841 3172 de
852 3122 1010 3186 Wymburne
1020 3127 1047 3172 et
1055 3122 1165 3172 'ihomas
1175 3123 1208 3172 de
1218 3123 1311 3174 Snnoto
1387 3139 1389 3145 ’

219 3185 309 3249 Vigore
325 3192 507 3238 consenserunt
522 3188 555 3237 ed
571 3187 675 3237 smum
690 3201 755 3237 nore
771 3186 899 3236 disseieine
915 3187 1069 3251 capiendum,
1085 3203 1163 3252 quem
1179 3188 1308 3237 lohannes

222 3251 301 3309 Pioot,
314 3251 430 3302 Decsnus
442 3252 545 3314 Exonie,
556 3252 692 3302 erruinevit
705 3267 793 3302 versus
810 3252 947 3302 Henricnm
962 3253 995 3302 de
1004 3252 1152 3316 Dummore,
1164 3257 1191 3304 et
1201 3253 1269 3318 elios,
1281 3253 1314 3303 de

221 3319 366 3368 tenemento
379 3317 406 3368 in
421 3317 508 3368 Seinte
519 3317 661 3382 Sydehrnte
671 3315 765 3381 {1282}

192 3581 238 3632 cilo
260 3583 282 3633 it
303 3583 366 3633 with
391 3584 436 3634 the
459 3585 589 3634 chnrscter
615 3583 642 3634 cl
666 3599 713 3634 cur

192 3647 298 3712 English
314 3648 453 3711 Justlninn,
470 3649 540 3712 Κίος
556 3649 666 3698 Edwsrd
683 3649 712 3708 1.,

191 3717 220 3763 ιο
246 3714 320 3762 order
346 3715 391 3763 the
419 3715 551 3764 execution
574 3713 601 3764 ol
625 3713 714 3764 Alired

192 3778 301 3842 Duport,
318 3779 375 3828 who
397 3779 471 3828 stood
494 3795 522 3828 so
540 3779 601 3856 high
623 3779 650 3828 in
669 3779 714 3829 the

191 3843 336 3893 estimationi
348 3843 375 3892 oi
385 3843 425 3893 his
437 3843 636 3894 follow-citonens
648 3859 675 3893 ee
686 3849 715 3894 ιο

191 3909 256 3958 elect
263 3909 318 3958 him
329 3907 396 3958 their
404 3909 480 3958 chief
487 3909 634 3972 hisgietrnte
645 3909 715 3974 eight

191 3974 286 4024 several
305 3971 406 4022 times.''
442 3974 502 4023 And
525 3975 557 4023 he
575 3974 639 4024 edds
657 3975 716 4024 thet

191 4039 225 4088 he
241 4038 292 4088 hed
309 4038 391 4088 “seen
408 4053 424 4087 e
441 4038 518 4100 Deed,
531 4039 664 4089 witnoesed
681 4039 715 4103 by

191 4102 243 4154 this
254 4103 343 4152 Altred
354 4118 387 4152 on
404 4103 450 4152 the
467 4104 573 4168 Sundsy
589 4103 654 4153 niter
671 4104 715 4153 the

191 4169 267 4218 Femt
283 4167 310 4217 oi
329 4167 367 4218 St
385 4167 509 4218 hietthew
527 4169 588 4228 (lete
604 4169 631 4217 in
654 4169 714 4232 Sep·

190 4233 464 4300 temher,1285,nesrl
500 4239 550 4284 two
563 4249 636 4298 years
650 4234 716 4282 efter

191 4299 237 4348 the
248 4297 345 4362 alleged
355 4249 546 4357 morderi-“e
561 4299 614 4348 tect
624 4297 715 4359 which,

190 4363 217 4414 oi
224 4378 320 4423 course,
330 4363 407 4412 isnot
417 4363 587 4414 inconsistent
597 4363 661 4413 with
672 4363 716 4413 the

311 4451 371 4520 tn

796 3583 868 3646 proci
883 3585 995 3636 efforded
1009 3585 1043 3650 by
1060 3585 1105 3636 the
1120 3586 1199 3636 ebore
1216 3587 1313 3636 Instru-

795 3654 874 3712 ment,
890 3650 948 3700 thet
969 3651 1002 3700 he
1023 3667 1073 3700 wes
1095 3651 1217 3701 executed
1237 3651 1315 3701 ebout

796 3719 848 3764 two
873 3729 945 3778 yesrs
972 3716 1041 3766 hter.
1086 3715 1180 3780 Bishop
1208 3715 1313 3766 Brones·

797 3777 904 3829 combe’s
931 3780 1052 3845 regnier,
1084 3781 1206 3842 however,
1234 3781 1314 3830 shews

798 3843 856 3893 thet
867 3845 906 3907 he,
918 3847 967 3896 md
980 3845 1154 3895 certsinother
1169 3845 1315 3909 prominent

798 3909 902 3959 citizens
923 3911 951 3959 ot
967 3911 1067 3972 meter,
1083 3915 1128 3974 got
1144 3911 1198 3960 into
1220 3911 1315 3960 serious

799 3974 899 4024 trouble
920 3975 982 4024 with
1004 3975 1061 4025 thet
1084 3975 1190 4036 Prelste,
1207 3991 1234 4024 as
1256 3977 1315 4038 long

798 4039 883 4088 beiore
904 4055 932 4088 ss
955 4041 1019 4091 1272
1045 4039 1090 4104 (see
1110 4055 1172 4104 pege
1195 4040 1243 4101 75).
1290 4041 1316 4090 It

798 4103 889 4154 should
900 4104 933 4154 be
943 4106 1021 4154 noted
1030 4105 1087 4154 thet
1097 4105 1202 4154 Holrer's
1210 4111 1316 4154 nocount

798 4169 825 4218 ol
835 4168 880 4218 the
891 4170 1002 4234 hsgedy,
1012 4185 1039 4219 so
1048 4170 1107 4233 long
1118 4170 1275 4230 discredited,
1286 4171 1316 4232 is,

799 4249 863 4294 now,
874 4235 968 4298 proved
979 4239 1006 4284 ιο
1023 4235 1086 4284 heve
1101 4235 1163 4283 been
1179 4235 1317 4299 singularly

799 4303 920 4349 accurate.
