3322 4982
320 386 392 461 226

555 407 697 461 menos
714 385 1024 462 anonasoonan’e
1042 407 1242 462 asciscas.

328 562 509 650 Plympton
524 559 872 648 Priory-continued.

422 666 525 716 nomine
546 666 666 730 ipsorum,
686 666 718 714 de
735 667 825 715 stando
844 681 888 714 seu
906 667 1017 729 parendo
1035 665 1161 716 Mendetis
1185 665 1301 726 Ecclesia,
1324 681 1339 714 a
1358 665 1478 729 predictis

423 731 563 782 flentenciis
581 747 625 794 per
643 731 781 779 Dominum
800 731 951 794 Episcopum
970 731 1137 780 absolvantur.
1183 731 1218 780 Et
1237 731 1366 794 promitto,
1388 730 1476 780 nichil·

424 797 532 857 ominus,
550 796 697 845 subdebile
715 796 829 858 ejusdem
848 796 992 859 juramenti,
1010 797 1079 860 quod
1098 796 1176 858 aliqui
1187 797 1218 846 ds
1229 795 1379 858 supradictis
1396 795 1477 843 nomi·

424 862 505 910 natim
521 862 749 920 excommunicatis,
766 877 825 909 cnm
840 861 966 922 aliquibus
977 861 1009 909 ds
1021 861 1153 910 Conventa
1170 861 1290 924 predicto,
1308 865 1375 908 certo
1392 860 1432 908 die
1443 860 1476 908 ab

425 927 513 975 eodem
526 926 647 988 Episcopo
658 927 799 984 statuendo,
812 927 992 988 comparebunt
1002 926 1029 974 in
1041 926 1129 988 Majon'
1142 925 1251 974 Ecclesia
1262 925 1404 984 Exoniensi,
1416 939 1476 974 cum

426 991 499 1054 piem
516 995 641 1054 potestate
657 991 760 1053 petendi
776 991 949 1039 Absolucionis
969 990 1120 1039 Beneficium
1138 991 1238 1039 nomine
1255 991 1431 1052 predictorum,
1449 993 1476 1038 et

424 1061 514 1120 petant
529 1055 660 1104 humiliter
670 1055 701 1104 ab
713 1071 741 1103 eo
752 1055 847 1103 absolvi
863 1055 889 1103 in
901 1056 982 1104 iorma
992 1055 1056 1119 juris
1068 1071 1075 1114 3
1092 1055 1167 1118 quod,
1180 1055 1290 1118 quidem,
1303 1054 1476 1103 Absolucionis

427 1121 580 1172 Beneficium
597 1120 665 1168 idem
683 1120 807 1168 Dominus
824 1121 961 1182 Episcopus
972 1121 1101 1182 impendat
1112 1120 1196 1168 taliter
1206 1119 1354 1182 requisitus.
1404 1119 1477 1179 Item,

428 1191 554 1250 quantum
570 1185 602 1234 ad
619 1185 744 1244 offensam,
760 1187 949 1244 contumaciam,
961 1189 988 1233 et
1003 1185 1064 1234 alios
1075 1185 1202 1233 Articnlos
1213 1185 1382 1233 contenciosos
1398 1183 1477 1246 quali-

428 1257 576 1313 tercumque
598 1254 680 1298 motos
705 1249 772 1298 inter
796 1249 877 1297 dictos
903 1249 1055 1313 Episcopum
1077 1254 1103 1298 et
1126 1249 1268 1313 Religiosos,
1292 1264 1410 1313 suppono
1438 1264 1479 1297 me

428 1321 456 1366 et
482 1316 562 1364 dictos
590 1315 751 1377 subpriorem
777 1319 805 1362 et
832 1315 998 1374 Conventum,
1027 1314 1196 1376 procuratorio
1223 1314 1331 1374 nomine,
1360 1313 1477 1373 Arbitrio,

430 1380 596 1440 Ordinacioni,
620 1379 778 1442 Diffinicioni,
800 1395 845 1428 seu
874 1379 961 1428 hudo
985 1379 1151 1428 discretorum
1172 1379 1291 1438 virorum,
1312 1378 1479 1427 Dominorum

431 1446 526 1495 Decani
553 1444 690 1503 wellensis,
713 1445 747 1493 H.
766 1444 798 1492 de
817 1445 944 1504 Brattone,
964 1444 1111 1492 Enoniensis
1130 1449 1157 1492 et
1176 1443 1372 1492 Noriolchiensis
1391 1442 1477 1491 Archi·

430 1512 613 1568 diaconorum;
637 1509 673 1557 ita
694 1510 763 1572 quod
785 1509 840 1572 ipsi,
857 1509 897 1556 vel
919 1507 983 1557 alius
1004 1525 1049 1558 seu
1071 1509 1113 1557 alii
1134 1508 1188 1558 loco
1205 1508 1314 1557 absentis
1331 1508 1371 1556 vel
1392 1507 1478 1556 absen-

429 1577 496 1625 cium
523 1575 696 1636 subrogandus
724 1573 763 1622 vel
791 1573 950 1636 subrogandi,
975 1573 1041 1622 infra
1068 1574 1181 1637 proximo
1208 1577 1345 1622 venturum
1373 1573 1477 1621 Festum

429 1640 598 1690 Exaltacionis
614 1641 706 1688 Sancte
718 1638 804 1686 Crucis
816 1639 858 1701 [14
870 1638 958 1701 Sept.],
970 1639 996 1686 in
1008 1638 1160 1701 Episcopatu
1176 1637 1319 1698 Exoniensi,
1331 1637 1478 1696 Arbitrium,

429 1705 619 1764 Diffinicionem,
628 1703 825 1762 ordinacionem,
833 1718 877 1751 seu
887 1703 1003 1752 Landum
1013 1719 1089 1752 suum
1096 1704 1230 1766 proterant.
1264 1703 1299 1752 Et
1309 1702 1429 1765 promitto
1440 1716 1482 1750 me

430 1775 457 1819 et
478 1769 558 1818 dictos
584 1767 746 1831 Subpriorem
763 1773 790 1816 et
810 1768 969 1817 conventum
987 1768 1136 1828 Arbitrium,
1159 1767 1349 1828 Diffinicionem,
1373 1766 1476 1816 Ordina-

430 1835 535 1894 cionem,
557 1847 602 1882 ssu
620 1833 736 1881 Laudnm
755 1833 932 1896 predictorum,
950 1833 978 1881 in
995 1833 1112 1882 omnibus
1129 1837 1156 1882 et
1172 1848 1216 1896 per
1234 1832 1325 1890 omnia,
1346 1831 1395 1881 sub
1416 1845 1481 1894 pens

430 1904 533 1949 centum
544 1897 666 1946 librarum
676 1897 780 1960 argenti,
791 1914 806 1946 a
818 1899 892 1946 Parte
901 1897 1025 1946 renitente
1034 1897 1104 1946 Parti
1114 1899 1180 1947 stare
1191 1897 1285 1946 volenti
1296 1897 1480 1956 solvendarum,

431 1964 524 2042 precise
543 1963 724 2023 observaturos,
742 1963 791 2011 nisi
810 1962 971 2012 interdictos
988 1963 1140 2026 Episcopum
1156 1967 1183 2012 et
1198 1962 1334 2025 Religiosos
1349 1961 1481 2024 negocium

430 2044 514 2092 ipsum
530 2043 574 2091 per
589 2027 682 2091 seipsos
698 2027 746 2076 alio
762 2027 837 2076 ιιιοᾶο
853 2027 987 2090 temperari
1003 2043 1047 2076 seu
1064 2027 1192 2076 terminari
1202 2027 1285 2076 valeat
1301 2026 1355 2076 sine
1365 2026 1480 2088 strepitu.

429 2093 602 2152 Postmodum,
614 2107 679 2154 vero,
690 2092 758 2140 iacta
768 2092 956 2141 rcnunoiacione
966 2108 982 2141 a
993 2093 1080 2141 Fratre
1092 2093 1201 2142 Itoberto
1215 2091 1280 2141 dicto
1295 2091 1396 2140 Blundo
1406 2106 1483 2154 super

431 2157 560 2208 Eleccionc
570 2157 597 2207 iu
609 2157 719 2207 Priorem
730 2157 891 2222 Plymptonie
902 2158 935 2206 de
946 2173 979 2218 sa,
992 2161 1022 2206 ut
1033 2157 1102 2218 dicit,
1119 2157 1249 2224 celebrata,
1260 2161 1349 2220 petant
1360 2156 1482 2218 Subprior

430 2229 458 2273 et
465 2224 610 2272 Conventus
620 2222 726 2284 predicti
737 2223 769 2270 ab
780 2223 867 2270 οοάθιιι
879 2222 1001 2285 Episcopo
1012 2221 1152 2271 Licenciam
1164 2221 1270 2284 eligendi
1279 2237 1348 2270 more
1358 2221 1443 2270 debito
1455 2224 1482 2270 et

430 2292 557 2348 consueto,
569 2303 619 2350 qua
630 2287 683 2336 siue
694 2287 842 2336 difficultate
858 2292 968 2350 optenta,
985 2287 1053 2336 idem
1070 2287 1216 2337 Conventus
1231 2287 1264 2335 ad
1280 2284 1437 2335 Eleocionem
1448 2285 1480 2334 de

431 2354 543 2418 pmdicto
560 2353 676 2409 Roberto,
693 2353 732 2400 vel
748 2351 796 2400 alio
813 2353 845 2400 de
862 2353 994 2401 Conventa
1010 2353 1135 2415 procedat,
1152 2355 1179 2401 et
1195 2367 1250 2400 eam
1267 2351 1335 2400 dicto
1355 2351 1477 2414 Episcopo

431 2421 586 2482 representat
596 2433 602 2477 ;
619 2421 646 2465 et
656 2417 723 2466 idem
735 2417 858 2465 Dominus
875 2417 1013 2480 Episcopus
1028 2418 1096 2480 quod
1111 2417 1212 2480 justum
1228 2416 1306 2465 inerit
1316 2415 1343 2464 in
1353 2416 1400 2464 hac
1410 2420 1483 2479 parte

432 2487 578 2546 exequatur,
593 2497 651 2530 cum
662 2482 743 2544 gracie
753 2486 780 2530 et
790 2482 881 2530 favore.
906 2482 1004 2542 Omnia,
1015 2497 1081 2542 vero,
1090 2482 1241 2544 supradicta,
1251 2480 1409 2531 Sentencism
1417 2479 1480 2530 dicti

432 2549 535 2598 Domini
547 2547 662 2610 Episcopi
672 2551 699 2594 et
708 2547 856 2596 Officialium
867 2562 970 2595 suornm
981 2547 1119 2609 taugencia,
1130 2547 1198 2596 idem
1209 2546 1334 2595 Dominus
1343 2545 1480 2609 Episcopus

432 2613 480 2662 sub
496 2612 571 2660 simili
588 2627 652 2674 pena
668 2627 694 2660 se
705 2615 863 2660 servaturum
879 2611 1085 2674 promittat-In
1101 2612 1175 2674 cujus
1188 2611 1224 2660 rei
1240 2611 1414 2660 testimonium
1425 2625 1480 2672 pre·

432 2677 547 2727 sentibus
564 2676 654 2724 Literis
681 2676 792 2739 sigillum
809 2691 895 2724 meum
918 2677 1093 2739 appone-Et
1109 2677 1177 2725 idem
1195 2676 1339 2740 Episcopus,
1362 2675 1388 2724 in
1410 2674 1483 2724 teeti·

431 2743 545 2791 monium
565 2741 605 2789 sui
624 2755 757 2790 consensus
774 2741 873 2803 signum
890 2755 965 2789 suum
988 2741 1079 2804 apponi
1100 2742 1216 2804 precepit.
1260 2741 1316 2790 Hiis
1331 2740 1482 2797 testibus,-

432 2807 547 2856 Dominis
564 2807 672 2854 Henrico
688 2807 719 2854 de
736 2807 823 2868 tracy,
840 2807 873 2854 H.
890 2807 922 2854 de
939 2805 1066 2865 Brattone,
1084 2805 1235 2868 Randulpho
1251 2806 1283 2855 de
1299 2805 1482 2866 Dodescumbe,

432 2873 547 2920 iohanne
558 2871 589 2918 de
601 2871 729 2930 Weston03
736 2870 863 2933 Magistris
874 2871 989 2920 Johanne
1000 2870 1093 2930 Nobili,
1105 2871 1214 2920 Roberto
1224 2871 1355 2930 Everarde,
1363 2870 1480 2919 iohanne

384 2993 388 2998 Ι
432 2938 464 2985 de
482 2937 592 2994 Bradele,
606 2935 721 2984 iohanne
738 2937 836 2998 Wyger,
855 2935 971 2984 Genusia
988 2937 1020 2984 de
1037 2936 1186 2999 Crydetone,
1203 2935 1240 2984 W.
1260 2936 1292 2984 de
1308 2935 1375 2994 Rala,
1393 2935 1431 2984 W.
1450 2935 1483 2982 de

433 3001 557 3062 Cappella,
588 3005 614 3048 ct
645 3001 838 3050 aliia-Actum
862 3001 929 3063 apud
961 3001 1089 3064 Wynlrele,
1114 3001 1151 3064 xij
1177 2999 1303 3049 Kalernlm
1327 2999 1482 3063 Septembris

433 3064 475 3130 [21
489 3065 571 3128 Aug,],
584 3067 658 3113 Anno
670 3064 757 3113 Gracia
768 3065 812 3114 M0.
826 3065 886 3114 00⁰.
900 3065 944 3113 11⁰.
957 3065 1012 3128 iij0;
1030 3061 1080 3114 26¹².

399 3131 506 3178 -Anno
523 3131 617 3190 eodem,
637 3129 662 3178 in
681 3129 788 3178 crastino
805 3129 982 3178 Dacollaciouis
998 3129 1109 3193 predicte
1125 3129 1168 3191 [30
1179 3129 1252 3192 Aug,
1265 3127 1346 3190 lacu,
1358 3128 1484 3178 Dominus

432 3196 570 3258 Episcopus
576 3195 719 3257 hospitatus
727 3199 765 3243 est
774 3195 842 3257 apud
851 3195 1045 3258 Plymptoniam,
1054 3199 1081 3242 et
1088 3195 1204 3257 sequenti
1212 3195 1260 3255 die,
1268 3195 1360 3244 ultima
1367 3193 1484 3242 videlicet

432 3261 526 3308 mensis
542 3259 658 3322 Augusti,
675 3260 784 3308 Articrdi
800 3259 950 3308 contenciosi
966 3259 1032 3308 inter
1051 3259 1188 3308 Dominum
1206 3260 1359 3323 Episcopum
1375 3263 1402 3307 et
1418 3258 1482 3307 Sub·

432 3325 539 3388 priorem
556 3331 583 3373 et
601 3325 759 3373 conventum
781 3339 810 3372 ac
826 3324 961 3372 Ecclesiam
982 3324 1142 3388 Plymptonie
1160 3325 1231 3386 moti,
1248 3325 1279 3373 de
1301 3323 1394 3388 quibus
1415 3338 1482 3372 eom·

432 3390 583 3452 promissum
593 3389 645 3437 init
655 3389 682 3437 in
693 3389 799 3437 arbitros
810 3388 1018 3448 condicionaliter,
1030 3389 1193 3438 amicabiliter
1210 3389 1285 3453 sopiti
1302 3393 1363 3438 sunt
1377 3389 1403 3436 iu
1414 3387 1482 3436 hunc

432 3454 700 3515 modum-videlicet,
712 3454 779 3502 idem
791 3453 912 3516 Subprior
923 3457 950 3501 et
961 3453 1106 3502 Conventus
1114 3459 1319 3516 recognoverim,
1330 3455 1356 3502 in
1366 3453 1483 3516 Capitulo

432 3535 485 3580 suo,
498 3533 580 3568 coram
590 3519 678 3567 multis
689 3518 783 3567 clericis
800 3523 827 3566 et
844 3519 919 3578 laicis,
931 3519 1000 3582 quod
1016 3523 1136 3567 tenentur
1153 3519 1244 3568 habere
1263 3520 1327 3568 duos
1347 3517 1484 3568 canonicos

432 3583 569 3633 residentes
580 3583 647 3646 apud
659 3583 746 3632 Lanho
757 3583 875 3631 continue
887 3599 893 3642 ;
904 3588 931 3631 et
941 3583 996 3632 illos
1006 3583 1174 3632 incontinenti
1185 3583 1244 3632 illuc
1255 3583 1357 3632 mittere
1365 3582 1483 3646 repromi-

431 3649 717 3711 serunt—presentibus
733 3649 848 3696 Dominis
859 3649 968 3696 Waltero
984 3648 1016 3696 de
1032 3649 1166 3704 Bathtone‚
1179 3649 1294 3698 Johsnne
1310 3649 1342 3696 de
1358 3649 1485 3709 Westone,

433 3713 584 3776 Randmpho
595 3713 627 3761 de
645 3713 763 3774 Chaluns,
774 3713 915 3772 Militibus;
933 3713 1058 3776 Magistris
1075 3714 1104 3762 lt
1122 3713 1254 3774 Everardc,
1266 3714 1291 3763 J.
1303 3714 1334 3762 de
1351 3713 1483 3773 Blscdone,

433 3779 457 3828 J.
478 3779 578 3842 Wyger,
595 3779 624 3826 R.
645 3778 677 3826 de
698 3777 890 3840 Pollampiorde,
915 3779 950 3827 W.
969 3777 1000 3826 de
1023 3778 1130 3841 Capella,
1153 3778 1256 3828 Matheo
1283 3779 1314 3826 ds
1342 3778 1484 3842 Eglosheyl,

433 3843 560 3892 Willelmo
577 3843 718 3904 Capeliano,
736 3842 843 3906 Hugone
860 3841 953 3906 Splote,
970 3847 997 3891 et
1013 3857 1104 3906 magna
1119 3843 1206 3906 populi
1227 3842 1398 3892 multitudine.
1433 3843 1483 3892 Pro

433 3907 581 3970 sequestris,
593 3908 679 3969 eciam,
692 3907 794 3956 Domini
805 3907 928 3970 Episcopi,
937 3908 1107 3970 personalibus
1115 3907 1484 3972 transgressionibusexpensis

433 3979 460 4021 et
476 3973 598 4036 dampnis,
619 3973 783 4021 vadiaverunt
799 3972 880 4020 eidem
898 3971 1019 4035 Episcopo
1039 3978 1142 4022 centum
1160 3988 1262 4033 marcas,
1282 3977 1309 4021 ct
1325 3989 1352 4022 se
1370 3973 1396 4021 in
1415 3973 1485 4024 hunc

432 4039 537 4086 modum
548 4037 861 4100 obligarunt,-Universis
869 4041 996 4099 presentes
1007 4037 1104 4086 literas
1114 4037 1263 4100 inspecturis
1272 4038 1360 4087 Frater
1367 4037 1484 4100 Thomas,

434 4103 555 4165 Subprior
578 4103 744 4166 Plymptonie,
767 4105 795 4150 et
815 4102 930 4165 ejusdem
953 4101 1012 4150 Loci
1039 4103 1184 4152 Conventus
1201 4102 1311 4164 humilis,
1328 4103 1435 4151 salutem
1457 4103 1486 4153 in

433 4168 541 4216 Domino
552 4166 876 4230 sempiternum—Noverit
887 4167 1043 4216 Universitas
1054 4171 1136 4215 vestra
1147 4167 1216 4230 quod
1226 4182 1279 4228 nos,
1288 4183 1333 4231 pro
1345 4167 1487 4229 sequestris

433 4232 587 4280 Venerabilis
609 4233 697 4293 Patris,
716 4231 819 4280 Domini
836 4231 948 4294 waltari,
967 4231 1114 4282 Exoniensis
1133 4232 1255 4296 Episcopi,
1275 4232 1302 4280 in
1320 4231 1435 4280 molestis
1453 4234 1487 4283 da

433 4297 505 4349 Dsne
515 4301 542 4347 st
552 4299 584 4346 de
595 4297 682 4346 Lanho
698 4301 758 4348 ante
771 4296 952 4348 coniecuonem
969 4297 1129 4348 Presencium
1144 4297 1306 4362 interpositis,
1314 4297 1487 4365 personalibus
