3224 4984
245 415 292 490 38
475 435 618 489 erosos
635 409 941 488 enonssoonea’s
959 429 1156 486 reserares.

246 591 378 668 Bruere,
401 589 554 676 Geoffrey
570 589 610 654 de
625 589 666 665 la,
681 609 729 654 aee
744 585 969 674 Farringdon3
992 589 1032 650 9⁰.

249 693 537 778 Broadhenrhury:
560 691 758 757 Dedication
773 689 809 756 ci
824 689 881 755 the
896 689 1012 753 Parish
1029 687 1161 755 Church
1176 710 1183 764 ;
1199 689 1248 750 10.

249 797 459 871 Bronestone‚
475 795 624 860 William
640 794 735 871 de,-

314 900 390 949 Annc
410 901 505 960 eodem,
525 899 566 948 die
585 898 672 948 Sancti
688 898 755 948 Luce
773 896 817 959 [18
835 896 889 945 Oct.
912 892 987 958 1261]
1005 895 1073 958 apud
1090 893 1260 956 Oolrlrespitts‚
1279 891 1404 940 Dominus

349 965 486 1028 Episcopus
497 963 608 1013 feodavit
619 962 774 1012 Willelmum
786 963 818 1010 de
830 963 982 1010 Bronestone
993 960 1019 1008 in
1031 959 1077 1008 hac
1087 959 1168 1007 forme
1181 975 1186 1006 :
1202 956 1330 1006 Universis
1347 960 1404 1014 otc,

351 1030 477 1078 Waltarus
495 1033 560 1087 etc.;
584 1029 617 1077 sd
635 1028 814 1077 Universitatis
833 1031 915 1074 vestre
932 1025 1051 1074 noticiam
1074 1024 1191 1072 volumus
1210 1021 1337 1085 pervenire
1359 1035 1406 1068 nos

353 1094 458 1154 dedisse,
466 1093 620 1154 concessisse,
633 1091 680 1154 [et]
692 1093 738 1141 hac
749 1091 859 1156 presenti
870 1097 938 1140 carta
949 1089 1106 1138 confirmasse
1117 1089 1248 1147 Willelmc,
1261 1086 1311 1134 filio
1324 1086 1360 1134 W.
1374 1085 1406 1132 de

351 1160 508 1208 Brunestone
527 1158 589 1218 (ric),
609 1174 654 1221 pro
677 1157 791 1220 homagio
814 1161 840 1204 et
862 1155 972 1214 servicio,
995 1169 1076 1203 unum
1097 1153 1232 1214 ferlingum
1255 1157 1320 1200 terre
1347 1165 1406 1198 cunr

350 1223 516 1287 pertinenciis,
528 1239 605 1286 quem
616 1222 757 1270 Willelmus
774 1221 922 1283 Penistrang
939 1219 1074 1282 aliquando
1084 1218 1116 1266 de
1128 1218 1199 1266 nobis
1215 1217 1299 1265 tenuit
1309 1215 1336 1264 in
1347 1215 1407 1262 villa

351 1289 383 1337 de
395 1290 560 1346 Brunestone;
573 1287 708 1336 tenendam
720 1287 788 1334 dicto
799 1287 837 1334 W.
846 1290 901 1344 etc,
911 1285 1038 1333 reddendo
1049 1283 1181 1332 annuatim
1192 1287 1238 1330 etc.
1252 1286 1304 1329 tres
1314 1279 1407 1328 solidos

351 1359 378 1402 et
389 1369 480 1402 novem
491 1353 612 1412 denarios,
623 1351 656 1400 ad
667 1351 763 1400 Pascha
773 1355 800 1400 et
811 1351 915 1398 Festum
928 1349 1014 1398 Sancti
1025 1348 1159 1406 Michaelis,
1169 1346 1239 1409 equis
1250 1344 1408 1407 porcionibus

350 1423 411 1478 etc,
423 1419 462 1468 23.
513 1416 557 1481 [In
569 1417 612 1466 the
623 1416 721 1480 margin
732 1416 753 1464 is
764 1432 779 1465 a
792 1413 1029 1464 memorandum—¹*
1040 1410 1169 1476 Inquire.”
1205 1407 1273 1472 „fil

257 1517 357 1591 Brun,
367 1515 451 1581 Wm.
462 1515 501 1592 le,
512 1535 560 1581 ece
575 1513 914 1597 letters-Dimissory‚
926 1513 1000 1576 inst.
1017 1515 1052 1575 to
1070 1509 1329 1583 Michaelstowe;
1343 1504 1408 1571 94¹³.

257 1618 494 1695 Brushford-

326 1731 340 1756 “
354 1731 459 1780 Paconio
482 1729 576 1780 Viccrie
592 1729 692 1780 Eccleaic
706 1728 737 1778 dc
753 1725 1093 1790 Bripsorrie:-Assignandc
1110 1728 1191 1773 totam
1203 1723 1336 1772 Ecclesium
1362 1759 1367 1770 .
1405 1756 1411 1768 .

357 1811 416 1846 curn
432 1795 550 1844 omuibus
566 1794 619 1843 suis
635 1793 737 1842 decimis
754 1797 780 1841 et
794 1791 995 1852 obventionibus,
1008 1790 1104 1839 Vicario
1115 1790 1160 1852 qui
1171 1789 1264 1838 ibidem
1276 1787 1410 1840 residebit:

359 1865 463 1924 excepto
483 1859 649 1910 Sanctum-io:
671 1863 698 1907 et
722 1857 837 1906 Vicarius
855 1857 945 1905 reddet
961 1856 1092 1904 annuatim
1109 1855 1203 1903 Abbati
1226 1859 1252 1902 et
1269 1851 1413 1901 conventui

359 1927 391 1975 de
408 1925 556 1974 Hertilcnde
573 1923 707 1973 dimidium
724 1937 812 1982 marce,
830 1921 930 1970 nomine
947 1915 1337 1984 Personatus[26Aug.¹,1269]
1353 1918 1411 1976 ;l3.

260 2023 469 2109 Brydcwille,
484 2021 625 2089 Micheel
641 2021 690 2098 de,
704 2042 753 2088 see
768 2020 865 2106 Olyst
881 2019 1033 2105 Episcopi
1046 2044 1053 2098 ;
1074 2018 1139 2086 71¹¹.

262 2125 490 2202 Buckerell,-

328 2229 453 2281 Omnibus
473 2229 567 2280 Christi
585 2227 702 2279 fidelibus
720 2229 752 2277 ad
773 2244 837 2291 quos
858 2241 959 2291 presens
981 2226 1110 2290 Scriptum
1128 2226 1268 2288 pervenerit
1280 2225 1413 2278 Waltcrus.

359 2295 519 2344 miseracione
536 2294 628 2344 Divino
644 2293 790 2344 Excniensis
808 2293 951 2356 Episcopus,
970 2291 1076 2340 salutern
1093 2291 1119 2339 in
1139 2289 1414 2340 Domino-Noveritis

360 2360 430 2424 quod
446 2375 505 2409 cum
521 2359 646 2408 Dominus
662 2359 791 2418 Ricardus,
809 2357 937 2420 quondam
954 2358 1063 2405 Persona
1079 2357 1110 2404 de
1130 2357 1239 2414 llclrerel,
1252 2361 1279 2403 et
1291 2355 1415 2402 Hannone

361 2425 510 2488 capellanus,
529 2423 677 2473 habuissent
692 2427 786 2472 terram
803 2423 835 2472 de
852 2422 995 2486 Clisthegen
1012 2421 1043 2469 ad
1061 2421 1159 2469 firmam
1175 2422 1207 2469 acl
1224 2419 1362 2469 terminum
1382 2420 1415 2466 de

361 2489 475 2539 Gilberto
492 2489 524 2538 de
543 2489 704 2552 Langelorde,
724 2503 769 2544 per
788 2487 977 2550 cyrographum
996 2486 1119 2534 intereos
1137 2486 1286 2544 coniectum,
1303 2485 1414 2533 etidem

362 2554 484 2604 Ricardus
495 2559 522 2602 et
533 2553 657 2602 Henricus
668 2553 809 2616 capellanus
821 2552 914 2600 dictam
926 2557 1017 2600 terram
1030 2555 1057 2599 et
1068 2551 1164 2599 firrnarn
1175 2549 1246 2599 nobis
1255 2551 1416 2600 tradidissent

362 2624 388 2668 et
405 2619 590 2677 concessissent,
607 2617 746 2667 secundum
763 2621 875 2665 tenorem
887 2617 949 2665 dicti
960 2616 1114 2679 cyrographi,
1127 2621 1206 2664 etnos
1218 2617 1311 2664 dictim
1323 2621 1415 2664 terr-nm

362 2689 388 2732 et
410 2684 508 2733 firmam
530 2683 653 2746 Philippo,
677 2681 785 2730 Domino
813 2682 845 2729 de
867 2681 1076 2730 Sudradeworthe
1099 2681 1288 2748 reddiderimus,
1306 2687 1332 2729 et
1348 2681 1416 2743 quod

364 2749 447 2798 dictus
458 2747 589 2810 Philippus
599 2747 693 2795 dictam
702 2751 794 2796 terrem
803 2745 909 2795 tradidit
920 2745 1025 2795 Ricordc
1033 2746 1064 2793 de
1074 2745 1264 2794 Brendeswrthe
1275 2747 1306 2794 od
1319 2746 1417 2794 lirrnam

363 2828 407 2862 sex
423 2827 546 2862 annorum
563 2828 607 2874 per
629 2811 812 2875 cyrographum
829 2811 954 2859 intereos
976 2809 1120 2858 coniectum
1135 2810 1231 2870 ;—idco
1253 2812 1369 2859 volumus
1391 2815 1418 2858 et

365 2877 524 2926 concedimus
540 2877 608 2940 quod
625 2875 778 2940 cyrographo
793 2875 860 2923 inter
876 2875 973 2924 dictum
990 2874 1131 2936 Ricardum,
1144 2877 1272 2937 qnondam
1285 2877 1416 2924 Personam
1518 2871 1522 2876 ’

366 2943 398 2991 de
408 2942 520 3002 Bokerel,
532 2947 559 2990 et
570 2941 708 2990 Henricum
719 2940 874 3003 capellanum
886 2939 945 2988 inde
953 2939 1073 2998 coniecta,
1085 2956 1134 3002 que
1143 2956 1218 3002 penes
1229 2957 1274 2988 nos
1285 2941 1418 3002 aliquando

365 3007 479 3065 luerunt,
498 3005 696 3055 siinveniantur
712 3004 739 3053 in
755 3009 884 3068 posterum
896 3005 994 3052 nullum
1012 3004 1089 3052 robur
1100 3005 1240 3068 optineant,
1251 3021 1296 3054 nec
1312 3005 1419 3068 alicujus

367 3072 419 3120 sint
429 3071 526 3120 valoris.
552 3071 583 3120 In
594 3070 669 3135 cujus
680 3069 715 3118 rei
724 3069 897 3118 testimonium
908 3069 967 3118 huic
978 3069 1077 3130 Scriptc
1089 3069 1199 3132 sigillum
1207 3075 1321 3119 nostrum
1329 3072 1420 3134 opponi

367 3136 481 3185 fecimus.
533 3136 630 3185 Datum
652 3135 755 3194 Exonie,
777 3134 803 3182 in
826 3133 934 3182 crastino
953 3134 1089 3183 Beatorum
1109 3135 1226 3197 Tybureii
1246 3140 1272 3184 et
1289 3135 1420 3196 Valeriani,

368 3203 442 3249 Anno
454 3200 653 3250 consecracionis
663 3204 748 3248 nostre
758 3197 805 3247 κιο
815 3198 897 3262 primo
909 3196 953 3262 [15
964 3196 1140 3262 Aperuerat
1155 3201 1193 3249 86.

272 3281 592 3434 —Aplprppriolioo
607 3279 646 3364 of
667 3277 731 3344 thie
756 3277 886 3344 Oleurch
901 3287 932 3344 to
949 3279 999 3345 rte
1019 3279 1117 3346 Decri
1131 3281 1205 3346 ond
1231 3279 1374 3368 Olmpter
1387 3281 1425 3365 of

380 3389 415 3432 vn
445 3389 542 3433 or:-

339 3471 467 3523 Universis
483 3471 574 3520 Sancte
594 3469 684 3520 Matris
696 3469 805 3518 Ecclesia
816 3467 874 3518 filiis
885 3474 1013 3532 presentes
1033 3471 1129 3520 Literas
1148 3472 1238 3521 visuris
1249 3472 1423 3522 velandituris

373 3537 506 3596 Walterus,
525 3535 685 3584 miseracione
707 3534 799 3584 Divina
819 3535 966 3583 Excnieusis
983 3535 1127 3598 Episcopus,
1145 3537 1252 3586 salutern
1268 3537 1295 3586 in
1316 3537 1424 3587 Domino

373 3600 698 3664 sempiternam—Noverit
710 3599 865 3649 Universitas
876 3605 959 3648 vestm
970 3601 1038 3662 qnod
1050 3617 1101 3661 nos,
1114 3602 1212 3651 exitum
1223 3603 1340 3651 vanitatis
1352 3619 1423 3652 mun·

374 3667 438 3715 dane
455 3666 645 3726 considerantes,
657 3669 684 3713 et
694 3665 726 3713 de
736 3663 877 3726 suppremis
894 3664 1038 3727 cogitantes,
1051 3667 1208 3716 concedimur
1225 3673 1251 3717 et
1267 3668 1425 3728 conferimus,

375 3731 466 3780 Divine
484 3730 594 3779 caritatis
613 3729 709 3778 intuitu
727 3733 753 3777 et
769 3745 814 3792 pro
831 3728 912 3777 salute
931 3729 1013 3778 anime
1030 3735 1120 3792 nostre,
1139 3731 1239 3780 Decano
1261 3737 1287 3781 et
1309 3733 1426 3795 Cupitulo

375 3795 523 3844 Excniensis
543 3793 657 3854 Ecclesie,
675 3795 706 3842 ad
723 3793 934 3842 sustentaoionem
951 3794 1059 3844 duorum
1078 3797 1267 3858 Cnpellaacrum
1284 3797 1310 3845 in
1328 3797 1428 3859 Capella

375 3860 428 3909 lere
445 3861 476 3908 de
495 3875 560 3908 novo
577 3863 721 3907 constructa
739 3859 814 3920 juxta
833 3859 961 3920 Capellam
980 3860 1057 3908 Beate
1076 3860 1153 3908 Mar-ie
1170 3859 1197 3908 in
1217 3861 1326 3910 Ecclesia
1343 3867 1429 3911 nostre

376 3923 520 3974 Gethedrali
544 3923 685 3982 Exouiensi,
704 3939 734 3970 err
753 3928 823 3985 parte
842 3924 962 3983 Australi,
986 3923 1030 3971 ubi
1052 3925 1134 3972 locum
1151 3925 1270 3988 elegimus
1292 3927 1429 3988 sepulture,

376 3993 497 4052 perpetuo
514 3989 605 4037 Divina
621 3987 802 4036 celebrancium
815 4003 860 4050 pro
876 3989 960 4036 anima
976 3993 1068 4043 nostra.
1080 3989 1266 4038 benefactorum
1278 3996 1430 4052 nostrorum,

377 4054 541 4115 omniumque
559 4053 671 4101 fidelium
691 4052 877 4112 defunctorum,
898 4053 1030 4101 Ecclesium
1049 4054 1081 4100 de
1100 4053 1214 4113 Brrlrerel,
1241 4055 1313 4117 cujus
1342 4071 1432 4106 sumus

378 4119 484 4182 patroni,
496 4133 554 4166 cum
572 4117 688 4166 omnibus
704 4117 810 4180 juribus,
828 4117 1030 4178 cbrencionrbus,
1042 4123 1069 4166 et
1079 4117 1196 4167 omnibus
1207 4119 1261 4168 aliis
1272 4121 1433 4182 pertinenciis

280 4279 289 4312 ¹
307 4281 355 4332 Dio
364 4281 436 4330 Lune
447 4278 561 4344 proxima
569 4283 627 4342 post
636 4277 740 4328 Festum
749 4277 835 4328 Sancti
847 4276 1021 4328 Bartholcmei
