3252 4984
322 408 394 484 332
552 428 631 486 rau
654 429 832 488 noemma
854 431 902 486 or
925 431 1066 488 manoe
1089 433 1237 500 omma.

322 584 460 652 Halwill
482 585 724 674 [Halghewille
739 585 874 672 MS.]‚—

386 673 440 723 The
453 673 641 738 Sequeatration
652 674 728 724 taken
739 675 780 733 off,
793 691 826 724 on
843 673 971 724 condition
988 673 1052 735 that,
1063 675 1129 724 aiter
1145 672 1312 734 llichaelmaa,
1324 673 1368 722 the
1378 673 1473 722 Rector

419 737 607 864 abppgprppldp
624 739 800 804 continuoualy
818 739 894 800 (eirca
913 742 945 791 20
961 739 1197 802 lune,1283,·-the
1213 739 1297 789 actual
1312 739 1371 788 date
1386 739 1408 787 ie
1424 742 1474 787 not

324 818 576 944 Harwgddetdne
591 867 701 954 Philip
722 867 770 944 de,
786 867 824 932 R.
840 867 875 934 of
897 867 1055 970 Bigbury‚
1070 869 1215 954 resigna;
1238 866 1327 946 lach,
1344 869 1414 932 132.

321 951 500 1038 Harplord,
514 953 572 1019 the
587 954 746 1040 Vicerage
761 955 810 1034 oi;
833 953 1039 1040 Ooanpoeaoio
1051 979 1104 1018 :—

385 1039 405 1090 1.
410 1040 571 1090 —Unireraia
580 1041 674 1091 Christi
685 1041 820 1102 Fidelibua,
832 1043 863 1090 ad
875 1057 983 1104 quorum
995 1041 1113 1090 noticiam
1124 1041 1170 1090 hac
1181 1041 1310 1105 Scriptum
1322 1039 1471 1104 pervenerit,

417 1105 526 1155 'rhomae
545 1105 578 1155 de
596 1106 718 1166 Bodliam,
734 1106 888 1156 Venerabilis
906 1107 994 1164 Patria,
1014 1107 1116 1156 Domini
1134 1107 1283 1156 Exonieueia
1303 1105 1426 1170 Episcopi,
1443 1110 1472 1152 et

419 1171 543 1220 Robertua
570 1171 603 1219 de
631 1171 751 1231 Oolrtona,
773 1171 875 1220 discreti
902 1171 956 1232 riri,
984 1171 1087 1220 Domini
1113 1171 1287 1221 Archidiaooni
1315 1171 1471 1229 Exonieneia,

419 1235 548 1297 Officialac,
567 1241 679 1284 eternam
701 1235 808 1284 aalutem
832 1235 858 1284 in
881 1235 1196 1286 Domino-Univaraitati
1212 1241 1293 1286 vestre
1309 1240 1399 1284 notura
1418 1235 1472 1284 fieri

418 1300 535 1350 volumua
557 1316 601 1364 per
623 1301 754 1350 Preaentea
776 1301 852 1364 quod,
874 1315 931 1350 cum
955 1301 1022 1349 inter
1044 1301 1182 1350 Dominum
1203 1301 1293 1361 Adam,
1315 1301 1472 1364 Perpetuam

419 1365 546 1416 Vican'um
567 1365 675 1414 Eooleaie
694 1365 726 1414 de
746 1365 910 1428 Herpeiorde,
927 1370 1043 1425 actorem,
1060 1381 1091 1414 ex
1109 1371 1180 1429 porte
1198 1382 1255 1425 uua,
1272 1371 1299 1414 et
1319 1365 1473 1428 Religionum

419 1429 516 1490 Virum,
545 1430 687 1490 Ricardum,
710 1430 807 1479 dictum
825 1430 931 1490 Jurdan,
955 1431 1066 1479 Priorem
1088 1431 1120 1479 de
1140 1431 1264 1494 Otrytone
1286 1431 1470 1488 Reverendum,

419 1511 450 1543 ex
461 1495 547 1555 altera,
558 1511 633 1558 nuper
643 1495 848 1558 augmentatione
857 1495 953 1544 Vioarie
964 1495 995 1543 de
1007 1495 1148 1558 Herpiorde
1160 1500 1246 1545 exorta
1261 1495 1352 1544 iuiaaet
1368 1495 1474 1544 materia

420 1560 558 1622 quaetionia
568 1564 595 1608 et
606 1559 665 1620 litia,
677 1575 759 1608 coram
770 1559 873 1608 divercia
881 1559 1015 1608 iudicibua
1026 1560 1125 1609 diuciua
1135 1560 1229 1623 agitata
1241 1577 1248 1620 ;
1264 1561 1368 1609 tandem
1377 1559 1472 1620 Partes,

420 1624 546 1672 communi
570 1624 707 1672 amicorum
735 1625 917 1673 interveniente
940 1625 1048 1684 coneilio,
1071 1625 1103 1674 de
1122 1625 1220 1673 Vicaria
1238 1625 1350 1688 predicta
1369 1625 1473 1686 provide

420 1689 545 1751 eligentes,
554 1704 581 1737 ac
589 1705 632 1752 per
640 1689 747 1738 lormam
758 1689 930 1738 Ordinaoionie
941 1689 1026 1752 pociua
1037 1705 1114 1752 quam
1126 1689 1177 1738 litia
1187 1689 1317 1750 decisione,
1325 1689 1473 1752 hujusmodi

421 1753 551 1802 Porcionea
559 1757 644 1802 noatm
654 1754 812 1804 ordinacioni
820 1759 846 1803 et
855 1753 967 1802 Arbitrio
973 1770 1048 1817 cuper
1056 1754 1223 1804 controversia
1230 1759 1257 1804 et
1267 1754 1312 1803 lite
1318 1753 1472 1804 racionabili-

420 1821 460 1866 ter
470 1817 649 1875 submiserunt,
662 1823 738 1882 prout
748 1819 775 1867 in
787 1819 877 1867 Litaria
888 1819 1024 1867 earundem
1036 1819 1152 1868 Parcium
1163 1835 1207 1882 per
1217 1819 1321 1868 modum
1333 1817 1471 1882 cirographi

419 1882 547 1944 confectis,
554 1883 738 1946 signaturiaque
749 1883 859 1946 ipsarum
871 1883 987 1932 Parcium
994 1883 1249 1947 mutuoconaigoatia,
1256 1883 1470 1946 pleniuanctatur.

420 1947 461 1996 Ad
477 1983 483 1996 .
503 1983 509 1996 .
527 1983 533 1997 .
553 1985 558 1996 .
577 1947 723 1996 instanciam
741 1947 850 2010 ipaarum
868 1947 992 2008 Paccium,
1007 1963 1036 1996 ac
1052 1964 1097 2010 pro
1113 1964 1172 2012 pace
1188 1947 1255 1997 inter
1270 1948 1337 2012 ipeae
1349 1954 1471 2012 perpetuo

420 2011 593 2073 conservanda,
617 2012 764 2074 huiuamodi
782 2013 952 2062 Ordinaoionia
968 2017 996 2061 et
1014 2013 1119 2062 Arbitrii
1141 2029 1205 2062 onua
1221 2013 1247 2062 in
1264 2028 1309 2062 noa
1331 2012 1471 2062 voluntarie

422 2081 584 2137 aasumentaa,
604 2077 636 2125 ad
656 2077 751 2126 loocum
769 2077 801 2126 do
818 2077 972 2140 Herpeiorde
988 2077 1130 2140 pradictum
1146 2077 1294 2127 accessimus
1311 2077 1471 2141 pomonaliter

420 2146 488 2190 certo
504 2141 552 2202 dia,
567 2147 594 2191 et
609 2157 684 2205 cuper
700 2157 759 2190 vero
775 2142 858 2191 valore
874 2143 953 2205 ipsius
969 2141 1078 2191 Ecclesia
1094 2158 1138 2206 per
1148 2143 1214 2192 viroa
1230 2143 1374 2206 lidedignoa,
1386 2143 1471 2192 neubi

420 2206 490 2255 Parti
507 2211 641 2270 suspectos,
664 2206 782 2268 inapectia
804 2207 831 2256 in
853 2207 964 2270 ipsarum
984 2206 1099 2256 Paralum
1121 2207 1253 2270 presencia,
1276 2207 1470 2270 Inquiaioionem

421 2271 525 2320 fecimua
537 2271 696 2334 diligentem:
713 2276 872 2334 quapropter,
884 2270 994 2334 peuaatia
1011 2276 1038 2320 et
1054 2272 1197 2334 ponderatio
1213 2273 1347 2336 diligenter
1357 2272 1470 2336 ejusdem

422 2335 531 2384 Ecclesia
541 2335 776 2395 facultatibue,—Iu
788 2336 838 2384 Dru
849 2337 963 2396 Nourua,
973 2337 1061 2396 Amen,
1069 2337 1153 2386 taliter
1160 2337 1318 2398 arbitramur,
1327 2337 1471 2386 ordinamua

420 2400 514 2464 pariter
524 2407 551 2450 et
561 2401 698 2449 diffinimua
708 2416 715 2460 ;
732 2400 855 2462 videlicet,
867 2401 935 2464 quod
946 2401 1029 2450 dictua
1040 2401 1164 2450 Dominus
1175 2401 1257 2451 Adam
1268 2406 1295 2450 et
1309 2402 1349 2451 aui
1365 2417 1471 2451 ειιεεεεε-

421 2481 476 2515 crea
492 2471 613 2529 perpetuo
629 2465 745 2526 habeant,
756 2465 857 2514 nomine
868 2465 964 2515 Vicaria
974 2481 1019 2515 ene
1030 2465 1062 2514 de
1074 2466 1207 2530 Herpiord,
1219 2468 1251 2515 ad
1262 2467 1471 2516 auatentaoionem

422 2530 461 2578 eui
472 2535 498 2579 et
509 2531 642 2593 cujusdam
650 2527 776 2592 Capellani
787 2531 854 2592 apud
860 2530 985 2594 Fenotery
995 2531 1115 2580 continue
1126 2531 1281 2592 celebrantia,
1289 2536 1374 2580 totum
1381 2531 1469 2580 Sanct-

422 2595 529 2654 uarium,
547 2601 599 2644 tam
618 2595 686 2658 apud
703 2595 844 2658 Herpiorde
866 2610 943 2658 quam
964 2595 1033 2658 apud
1050 2595 1182 2660 Fanotery,
1200 2611 1251 2645 una
1270 2609 1328 2645 cum
1344 2595 1469 2654 domibua,

421 2659 540 2722 gardinie,
559 2665 586 2708 et
608 2659 743 2718 curtilagiia
765 2659 905 2708 Sanctuarii
921 2661 989 2736 apud
1011 2659 1155 2723 Herpiord;
1178 2661 1294 2721 habeant,
1311 2661 1395 2722 edant,
1412 2661 1473 2710 aliea

420 2725 583 2774 obvenciouea
594 2729 621 2772 et
628 2729 765 2787 proventua
776 2724 879 2788 altilagii
890 2729 1023 2788 utriusque
1035 2725 1101 2786 Loci,
1113 2740 1232 2774 unacum
1243 2725 1340 2774 decima
1349 2725 1473 2787 fabarum,

421 2789 538 2852 picarum,
551 2794 578 2837 et
595 2803 721 2837 veaaarum
737 2789 791 2850 (cic)
803 2789 883 2838 tociua
895 2789 1020 2850 Parochie,
1032 2790 1128 2840 decima
1141 2789 1274 2852 garbarum
1285 2791 1419 2839 dumtaxat
1430 2805 1472 2839 ex·

421 2859 513 2917 empta,
521 2869 597 2916 quam
606 2853 632 2902 in
642 2869 716 2902 ueum
725 2854 802 2916 ipaiua
811 2854 902 2903 Prioria
911 2859 937 2903 et
946 2869 1116 2904 auooeaaorum
1124 2870 1234 2915 auorum,
1244 2855 1344 2903 nomina
1351 2855 1473 2914 Rectorle,

421 2923 542 2982 perpetuo
558 2919 644 2967 cedere
660 2919 777 2967 volumua
794 2924 821 2967 et
836 2919 988 2968 ordinamus.
1023 2919 1065 2980 Et,
1081 2920 1140 2982 quia
1156 2920 1280 2982 predictae
1296 2919 1428 2969 Poroionee
1439 2919 1472 2968 ad

421 2999 557 3046 congruam
574 2984 784 3032 austentacioncm
807 2984 885 3046 ipaiua
902 2983 992 3032 Vican'i
1009 2988 1036 3032 et
1053 2984 1093 3032 aui
1113 2984 1240 3048 capellani
1258 2985 1333 3033 nimia
1350 2984 1425 3033 exilea
1446 2989 1473 3032 et

423 3049 599 3097 insufficientes
617 3064 669 3096 eaee
692 3048 864 3110 conspicimus,
886 3048 1031 3098 ordinamus
1058 3049 1152 3112 pariter
1173 3054 1200 3098 et
1227 3049 1378 3098 arbitramur
1405 3049 1474 3112 quod

422 3113 505 3162 dictua
518 3113 587 3161 Prior
598 3119 624 3160 et
641 3113 679 3160 aui
696 3128 846 3161 aucceaeorea
863 3113 968 3172 solvant,
985 3113 1090 3176 cingulis
1106 3115 1185 3174 annia
1197 3115 1224 3163 in
1240 3114 1471 3178 augmentationem

423 3178 519 3227 Vioarie
531 3177 648 3240 predicte,
660 3182 769 3240 quatuor
780 3193 874 3226 marma
885 3178 1062 3240 sterlingorum
1074 3179 1106 3227 ad
1118 3183 1227 3241 quatuor
1237 3179 1367 3228 'Perminoa
1378 3178 1471 3227 Princi-

424 3243 498 3305 pulea,
510 3243 625 3290 videlicet
642 3243 668 3290 iu
686 3243 766 3290 l'eatie
783 3243 869 3291 Sancti
887 3242 1020 3303 Michaelia,
1038 3243 1135 3292 Natalia
1152 3243 1261 3304 Domini,
1274 3243 1375 3303 Paeche,
1387 3242 1473 3292 Sancti

423 3307 546 3356 Johannia
564 3307 684 3370 Baptiate,
701 3323 744 3369 per
763 3306 863 3370 equalaa
881 3307 1014 3369 porciones,
1035 3307 1075 3355 vel
1091 3308 1123 3356 ad
1145 3307 1264 3357 ultimum
1279 3308 1345 3356 infra
1367 3307 1474 3358 octabae

423 3371 593 3434 predictcuum
605 3371 787 3428 Temiinorum,
800 3371 923 3434 subpone
939 3371 1011 3434 dupli
1021 3372 1095 3435 cujua
1112 3408 1118 3420 .
1136 3409 1142 3421 .
1161 3409 1166 3421 .
1184 3388 1235 3421 non
1251 3373 1343 3422 servati
1354 3373 1433 3436 plene,
1447 3377 1474 3421 et

423 3451 500 3485 unam
512 3437 673 3485 medietatem
685 3437 781 3485 Vican'o
792 3437 837 3500 qui
847 3451 892 3498 pro
902 3441 1015 3499 tempore
1031 3435 1116 3498 inerit,
1128 3437 1232 3486 alteram
1243 3453 1301 3486 vero
1312 3437 1474 3486 medietatam

425 3501 527 3550 Fabrice
544 3501 653 3550 Eooleaie
669 3501 823 3562 Exonienaia,
841 3501 985 3550 ordiuamua
1006 3505 1034 3550 et
1055 3501 1171 3550 volumua
1193 3501 1327 3566 ampliari,
1345 3502 1473 3566 quociens·

423 3581 533 3630 cumque
560 3565 693 3629 contigerit
708 3565 791 3629 ipeum
807 3565 939 3615 committi.
974 3566 1016 3627 Et,
1033 3566 1092 3630 quia
1108 3566 1221 3616 Vicariua
1237 3567 1282 3630 qui
1298 3567 1475 3618 emolumentis

423 3631 573 3694 amplicator
589 3665 721 3684 ......
739 3635 778 3679 eat
803 3635 833 3679 ut
855 3645 982 3680 annexum
1005 3646 1070 3680 caua
1094 3636 1218 3695 agnoscat,
1240 3631 1385 3682 ordinamua
1406 3632 1475 3696 quod

425 3695 509 3745 dictua
531 3695 651 3756 Vicaiiue,
679 3699 706 3744 et
730 3695 769 3744 aui
793 3709 944 3745 aucoeaeorea
967 3695 1012 3759 qui
1036 3711 1081 3759 pro
1105 3701 1218 3759 tempore
1241 3697 1345 3757 fuerint,
1364 3697 1475 3761 predicte

426 3760 564 3810 Parochiali
572 3761 681 3810 Dccleeic
691 3760 724 3809 de
735 3760 862 3823 Herpiord
872 3760 1031 3810 laudabiliter
1041 3761 1183 3810 deaerviant
1193 3767 1221 3810 ct
1230 3761 1328 3822 devote,
1337 3777 1365 3811 ac
1376 3761 1476 3825 Capella

426 3826 458 3875 de
470 3826 595 3889 Fenotery
611 3840 656 3888 per
671 3825 835 3888 capellanum
845 3824 972 3890 ydoneum
988 3825 1093 3876 boneate
1108 3825 1203 3876 iaciant
1213 3825 1339 3888 dmarriri,
1350 3831 1378 3876 at
1387 3826 1474 3876 nichil·

427 3889 527 3940 ominua
543 3890 628 3966 omnia
641 3905 715 3966 onera
726 3889 856 3967 ordinaria,
868 3889 1127 3966 videlicetlibromm,
1138 3891 1354 3968 ucatimentprum,
1366 3891 1475 3968 Oancalli

427 4085 519 4145 dietae,
538 4100 604 4145 vero,
621 4084 692 4133 Prior
714 4088 740 4133 et
759 4083 799 4132 aui
815 4099 966 4133 eucoeaeorea
982 4085 1066 4134 omnia
1076 4085 1145 4135 dicte
1161 4085 1270 4135 Eccleaic
1282 4086 1479 4135 extraordinaria

428 4149 543 4199 similiter
554 4154 705 4213 agnoscant;
722 4149 758 4198 ite
768 4149 837 4211 quod
848 4164 894 4198 nec
906 4149 954 4212 ipai
965 4149 1083 4212 Religioni
1093 4149 1146 4212 [de]
1156 4149 1273 4200 oneribua
1283 4150 1421 4211 ordinariis,
1433 4166 1479 4199 nec

428 4214 632 4264 diotuaVicariua
642 4229 686 4264 eeu
694 4213 734 4263 aui
745 4229 896 4262 auooaeeorea
904 4213 936 4263 de
946 4214 1148 4264 extraordinariis
1155 4215 1207 4264 ullo
1218 4218 1329 4278 tempore
1337 4219 1479 4266 teneantur.

428 4279 551 4331 Premiaea
562 4279 721 4341 arbitramur,
733 4278 878 4342 diffinimus,
890 4283 917 4330 et
926 4279 1071 4331 ordinemne
1082 4295 1090 4343 3
1106 4279 1288 4346 interpretandi
1300 4285 1327 4330 et
1337 4280 1480 4332 declnrandi
