3224 4984
307 375 350 443 18
746 394 825 445 rnre
842 393 1023 446 snersrsu

308 547 429 610 Oblipotio
441 545 615 597 Mercatoribus
627 544 676 596 :¹-

339 613 413 662 Anuo
424 613 519 674 eodem,
532 612 668 674 londonio,
680 611 727 662 Die
738 613 869 662 Dominits
878 613 991 676 proximo
1001 619 1061 662 ente
1072 613 1177 663 Festum
1189 613 1363 664 conversionis
1375 612 1462 662 Sentii

308 678 380 726 Psuli
392 679 434 740 [23
445 679 510 736 run..
524 675 635 740 1277-8J,
647 677 724 727 exivit
737 679 821 726 litore
838 679 886 727 sub
898 677 944 726 hrro
955 679 1035 727 forms
1048 679 1215 728 :—Uuivers'us
1226 683 1354 742 presentes
1367 679 1463 727 [iteras

307 743 457 806 inspecturis
467 743 601 802 Wsliorus,
613 743 661 791 Dei
677 744 759 805 gratis
770 743 918 792 tironiensis
931 744 1076 806 Episcopus,
1093 744 1201 793 soluitur
1212 745 1238 793 in
1251 744 1360 793 Domino
1371 743 1461 804 sempi-

309 807 556 856 ternam-Noverit
567 807 723 857 Universitss
735 813 817 857 vestre
829 825 880 868 nos,
893 809 993 857 nomine
1001 812 1086 858 nostro
1093 813 1120 857 et
1128 809 1236 858 Eetlesis
1247 815 1332 858 nostre
1343 808 1463 871 proditio,

310 876 401 922 mutuo
412 872 532 934 reoepisse
542 875 570 921 et
580 871 697 922 hsbuisse
708 873 734 922 in
752 873 860 922 Civitsts
879 873 1053 933 londoniensi,
1065 874 1106 921 dis
1122 874 1286 923 eonioetionis
1297 872 1465 936 presentium,

310 954 325 986 s
343 937 451 986 Duretie
471 936 851 1016 Hpberei,uesrusobosto1di,
871 938 1026 987 solventibus
1040 942 1067 987 et
1083 939 1275 988 nrrmenrntibus
1299 943 1352 987 ism
1372 954 1416 1001 pro
1437 953 1464 985 se

310 1003 1229 1132 iltuittsitististilrttuitttltmbtttr
1238 1008 1351 1132 ,titt
1358 1018 1466 1116 risimus

312 1149 356 1196 pro
368 1131 480 1196 qualibet
497 1147 578 1180 meres
595 1133 824 1196 computetis-pro
840 1133 932 1182 nostris
949 1138 976 1181 ei
993 1133 1101 1181 Eos-lesio
1120 1137 1206 1182 noeirs
1224 1133 1321 1196 maguis
1336 1137 1363 1182 et
1382 1132 1466 1182 srduis

312 1197 1250 1326 tritissimis?‘littttttlisittttt
1261 1196 1466 1326 ἰίἶὲρὲοῗῑῖῗξ

313 1332 451 1386 numerato,
463 1343 513 1376 uon
525 1326 614 1388 solute,
627 1331 711 1376 etnon
719 1327 812 1376 trsdite
820 1327 887 1376 dicte
895 1327 999 1390 pecunie
1011 1327 1113 1390 penitus
1124 1332 1150 1377 et
1158 1343 1273 1391 expresse
1283 1327 1465 1376 renuntiantes

314 1394 381 1452 Ques
392 1393 494 1455 quidem
506 1396 608 1441 eentum
621 1407 715 1441 msress
726 1391 910 1456 sterlingorum,
919 1391 1031 1455 predicto
1039 1392 1113 1440 modo
1124 1397 1151 1442 ot
1162 1408 1266 1442 numero
1277 1393 1466 1455 tomputrmdss,

313 1457 414 1507 nomino
436 1463 528 1514 nostro,
555 1457 663 1506 Ettlmio
682 1462 774 1516 nostro,
799 1461 827 1506 et
849 1462 1036 1506 snietessorum
1063 1461 1213 1519 nostrorum,
1242 1457 1415 1521 promittimus
1441 1463 1468 1504 et

313 1527 430 1572 terremur
441 1537 485 1585 per
495 1521 647 1585 legittimam
659 1521 849 1585 stipulationem
866 1522 969 1572 reddere
986 1527 1013 1572 et
1028 1521 1123 1570 solvere
1134 1521 1208 1572 dietis
1226 1522 1413 1581 morosioribus,
1425 1521 1465 1570 vel

313 1588 472 1644 unitorum,
495 1591 542 1635 sut
561 1602 647 1636 eorum
667 1588 759 1636 nuntio
777 1587 821 1636 hes
842 1587 938 1635 litores
957 1587 1088 1647 deferenti,
1114 1602 1128 1635 s
1148 1587 1183 1636 ud
1202 1587 1303 1636 Novum
1325 1586 1467 1649 Templum,

316 1652 450 1712 Londonie,
467 1652 500 1700 sd
516 1652 622 1700 Festum
639 1652 817 1701 Penteobosios
837 1652 951 1730 proximo
969 1656 1106 1701 venturum
1126 1603 1152 1715 lb
1171 1652 1188 1700 J
1190 1651 1257 1713 une],
1275 1653 1350 1700 Anno
1365 1651 1468 1700 Domini

314 1717 353 1766 Μο
361 1717 415 1766 00⁰
421 1717 479 1765 1¹1⁰
488 1721 582 1778 otisvo,
592 1716 662 1776 bene,
671 1717 880 1780 fideliter,etsrne
894 1716 1007 1765 ulteriori
1014 1717 1140 1766 diletione
1173 1717 1246 1776 Quod
1261 1717 1325 1766 siin
1342 1716 1468 1766 solutione

314 1782 381 1831 ditio
392 1782 503 1845 potonis,
521 1782 629 1830 termino
645 1782 875 1845 antedicto-quod
891 1781 1161 1840 obsit-deiooerimus,
1178 1781 1351 1844 promittimus
1362 1787 1469 1830 stione·

314 1862 379 1906 mur,
391 1847 493 1896 nomine
504 1851 598 1907 nostro,
610 1846 719 1895 Etolesie
729 1851 822 1907 nostre,
835 1851 863 1896 ot
879 1861 1050 1896 sutoessorum
1061 1851 1212 1908 nostrorum,
1224 1852 1250 1895 ot
1261 1861 1306 1910 per
1316 1846 1469 1896 sniediotsm

313 1911 510 1975 stipulationem,
536 1911 669 1960 retundere
693 1917 720 1960 oi
747 1916 886 1960 restsursrs
912 1911 1007 1960 eisdem
1028 1911 1208 1960 morosioribus
1232 1911 1315 1960 omnis
1350 1913 1468 1975 dompne,

315 1977 443 2034 interesse,
454 1981 481 2025 ot
493 1991 620 2039 expensas,
632 1991 682 2039 que
697 1981 724 2026 et
740 1991 803 2040 quss
819 1976 993 2036 sustinuerint,
1007 1976 1119 2037 ieter-int,
1136 1977 1176 2025 vol
1193 1977 1350 2036 incurrerint,
1368 1991 1470 2040 quoquo

315 2042 398 2101 modo,
416 2041 443 2090 in
465 2041 559 2104 iuditio
577 2040 629 2090 sivo
648 2045 727 2097 extre,
747 2057 792 2104 pro
811 2041 911 2090 defectu
934 2040 1067 2090 solutionis
1089 2041 1194 2104 potunie
1215 2042 1348 2091 snteditie
1390 2041 1471 2104 Super

315 2107 408 2172 quibus
418 2106 536 2155 volumus
547 2111 574 2155 et
589 2105 762 2168 promittimus
779 2107 878 2156 eredere
894 2105 988 2154 eisdem
1006 2106 1192 2167 morosioribus,
1204 2107 1244 2157 vel
1262 2107 1305 2156 uui
1316 2121 1412 2167 eorum,
1424 2110 1469 2154 sut

316 2187 403 2220 eorum
414 2171 513 2231 nunno,
526 2187 570 2233 por
580 2169 687 2234 simplex
704 2171 810 2220 verbum
823 2187 898 2220 suurn
909 2175 1020 2232 tentum,
1032 2171 1085 2220 sine
1100 2171 1252 2234 juramento,
1263 2172 1357 2234 absque
1368 2171 1471 2220 ulterius

316 2252 390 2286 onere
411 2235 570 2299 probotionis
605 2235 647 2284 Ad
666 2251 716 2299 que
732 2237 816 2284 omnis
832 2241 859 2285 et
874 2236 974 2299 singulo
991 2235 1097 2285 firmiter
1113 2241 1140 2285 et
1156 2236 1264 2286 fideliter
1279 2235 1434 2284 observanda
1446 2240 1471 2284 st

315 2301 474 2364 adimplendo
484 2301 623 2363 obligemus
639 2301 674 2350 eis
686 2317 738 2360 nos,
756 2301 891 2350 Etolesirtm
908 2306 1028 2360 nostrsm,
1045 2305 1072 2350 tt
1088 2317 1247 2362 sutoessoros,
1260 2306 1287 2350 ei
1303 2301 1388 2350 onmis
1405 2301 1470 2349 bons

316 2371 408 2426 nostre,
432 2365 541 2415 Etelesie
563 2371 654 2427 nostre,
679 2371 706 2416 et
725 2381 895 2415 sutoessorum
917 2371 1061 2415 nostrorum
1083 2366 1184 2414 mobilis
1206 2371 1233 2415 et
1251 2366 1395 2426 immobilis,
1418 2369 1471 2414 torn

316 2431 488 2482 Etolesissiies
511 2447 587 2493 quarn
607 2431 742 2492 mundans,
766 2431 892 2493 presentis
916 2436 942 2479 et
960 2431 1056 2490 futuru,
1075 2431 1228 2494 ubicumque
1247 2431 1343 2480 fuerint
1361 2431 1472 2490 invento,

316 2497 391 2546 dietis
401 2496 587 2555 morosioribus,
598 2501 625 2544 si
639 2511 726 2544 oorrrm
738 2495 879 2556 heredibus,
891 2511 935 2558 pro
952 2511 998 2544 sus
1012 2496 1144 2545 voluntstt
1155 2497 1273 2559 sapiends
1290 2501 1317 2544 et
1333 2495 1471 2554 retinenda,

316 2564 395 2612 donee
416 2562 510 2610 eisdem
527 2561 713 2620 mereatoribus
734 2560 773 2609 vel
791 2561 836 2610 uni
853 2575 948 2616 eorum.
972 2565 1018 2609 sut
1037 2577 1123 2609 eorum
1144 2561 1242 2620 nuntio,
1263 2577 1338 2624 super
1355 2561 1472 2609 omnibus

317 2627 444 2690 promissis
460 2625 618 2674 satisfsetunr
635 2625 713 2674 luerit
729 2625 761 2674 sd
778 2625 888 2688 plenum.
924 2625 1109 2674 Renuntisutes
1125 2625 1151 2674 in
1169 2625 1295 2688 premissis
1312 2625 1431 2674 omuibus
1446 2629 1473 2672 ei

318 2692 421 2756 singulis
444 2707 488 2754 pro
509 2691 587 2750 nobis,
607 2691 716 2739 Etoltsis
735 2695 827 2751 nostre,
847 2695 874 2739 st
892 2690 1073 2739 suecessoribus
1093 2691 1191 2751 nostris,
1212 2691 1281 2739 omni
1295 2690 1363 2753 juris
1381 2689 1473 2738 auxilio

317 2763 344 2805 et
360 2757 469 2804 remedio
488 2755 606 2804 (lunoniei
625 2761 653 2804 et
672 2755 766 2816 civilis,
786 2755 915 2818 privilege
934 2755 1024 2803 milicie
1042 2760 1069 2804 ei
1088 2755 1144 2816 fori,
1164 2755 1233 2804 omni
1252 2754 1429 2804 eonsuetudini
1447 2758 1475 2802 et

318 2826 422 2880 statuto,
442 2821 559 2869 omnibus
578 2820 669 2869 Litoris
688 2819 837 2883 Apostoliois
856 2825 882 2868 et
900 2819 983 2882 Regiis
1000 2819 1142 2882 impetretis
1159 2825 1186 2868 oi
1203 2821 1375 2884 impetnsndis,
1397 2819 1472 2882 Regis

319 2885 493 2944 Prohibitioni,
511 2886 632 2935 Juditum
648 2885 821 2946 Conventioni,
843 2885 1026 2935 Constitutioni
1049 2885 1080 2933 de
1095 2885 1194 2934 duabus
1215 2885 1296 2934 Diotis
1315 2885 1342 2933 iu
1363 2884 1474 2934 Concilio

320 2951 442 3011 Generali,
459 2956 486 2999 et
501 2951 619 2999 omuibus
637 2950 692 2999 sliis
708 2949 903 3013 exoepeionibus,
921 2949 1027 3012 juribus,
1049 2955 1076 2998 ot
1091 2950 1285 3011 defensionibus,
1304 2949 1474 3012 personalibus

319 3022 346 3066 et
362 3015 478 3076 realibus,
496 3032 545 3078 que
559 3016 637 3076 nobis,
654 3015 762 3064 Eetlesie
779 3019 871 3076 noeirs,
887 3019 913 3063 ot
927 3014 1109 3063 sutoessoribus
1126 3015 1218 3064 nostris
1233 3020 1335 3078 possent
1351 3015 1474 3077 prodesse,

318 3087 345 3130 et
355 3081 429 3130 ditiis
446 3081 632 3138 mercatoribus,
650 3080 690 3129 vel
709 3079 755 3128 uni
772 3095 866 3139 eorum,
885 3083 931 3128 sui
947 3095 1033 3128 eorum
1050 3079 1142 3128 nuntio
1159 3079 1245 3128 obesse
1261 3095 1305 3128 seu
1322 3095 1416 3138 noter-e,
1434 3079 1474 3126 vel

320 3162 369 3209 quo
391 3145 455 3194 obiti
471 3147 568 3209 possint
584 3149 670 3194 eontra
686 3145 806 3208 premisse
827 3149 873 3193 sui
889 3144 987 3208 opponi
1022 3144 1146 3193 Volumus
1163 3145 1241 3194 etism
1257 3160 1332 3208 super
1349 3143 1475 3208 premissis

319 3211 436 3260 omnibus
447 3215 474 3258 et
490 3210 594 3272 singulis
608 3209 708 3258 sditiis
724 3210 910 3270 morosioribus,
923 3209 963 3257 vel
980 3209 1012 3257 sb
1023 3225 1074 3257 uno
1090 3225 1185 3271 eorum,
1205 3217 1251 3258 sut
1269 3225 1356 3259 eorum
1376 3208 1475 3268 nuncio,

320 3276 473 3339 ubicumque
492 3275 602 3324 lotorum
623 3275 699 3324 libore
719 3274 845 3324 conveniri
862 3279 890 3324 et
906 3275 936 3322 sd
957 3273 1081 3338 juditium
1103 3275 1177 3326 trohi.
1215 3275 1245 3324 In
1262 3275 1336 3338 eujus
1352 3274 1388 3323 rei
1404 3273 1475 3322 teeti-

321 3341 434 3390 monium
446 3346 491 3390 eiu
504 3357 511 3400 3
529 3343 566 3390 84.

446 3403 460 3429 s
803 3402 817 3428 s
981 3406 996 3434 ι
1159 3402 1172 3428 s
1337 3402 1351 3428 s

355 3471 444 3534 Olergy
457 3486 463 3530 ;
471 3470 546 3584 bpireir
558 3469 757 3584 pon-residente,
775 3468 902 3533 plurslity,
920 3469 1019 3534 luxury.
1038 3473 1103 3528 ete3
1119 3469 1249 3533 Epistopsl
1268 3467 1416 3518 Lettersior
1432 3467 1477 3516 the

322 3536 458 3585 torrsetion
501 3552 556 3584 ereo
579 3563 608 3571 —

354 3602 428 3650 suno
439 3601 534 3660 suem,
546 3573 613 3663 alus
631 3600 710 3663 clysr,
728 3597 755 3646 ιο
772 3598 898 3648 soenes
915 3599 1002 3648 namu
1019 3598 1061 3659 [ro
1081 3599 1150 3659 reu,
1172 3598 1281 3660 serr-81,
1298 3599 1378 3647 servu
1394 3597 1478 3646 nrum

323 3667 371 3716 sub
382 3667 428 3714 hee
446 3665 526 3714 iorurs
540 3665 711 3725 r--Wslterus,
729 3664 777 3713 Dei
793 3665 876 3727 grsois
897 3664 1043 3712 Eroniensis
1062 3665 1206 3728 Episcopus,
1221 3665 1313 3713 dilecto
1325 3662 1377 3712 filio
1389 3663 1477 3711 Artisi-

321 3732 425 3780 disoono
436 3729 563 3779 Totionis²
576 3731 691 3791 solutum,
704 3730 819 3793 gratim,
837 3735 864 3778 et
875 3729 1082 3778 benedictionem.
1118 3730 1183 3778 Cum
1195 3729 1276 3779 Officii
1292 3728 1373 3778 nostr-i
1382 3728 1480 3777 sarcina

322 3801 394 3846 tants
405 3795 478 3844 molis
486 3796 594 3858 pondere
607 3800 704 3858 promsi
714 3799 746 3844 ut
756 3795 797 3843 die
814 3798 942 3856 noctuque
954 3809 1013 3842 turs
1024 3794 1137 3857 pervigili
1149 3794 1279 3858 diligentis
1289 3794 1327 3842 illi
1338 3794 1424 3842 debite
1435 3794 1479 3840 vix

324 3862 431 3912 sufficiat
444 3861 508 3909 tenti
526 3861 606 3909 oneris
618 3875 758 3924 pressurum
775 3859 896 3919 treviros,
908 3864 1034 3908 cresconio
1050 3873 1160 3922 numque
1170 3861 1263 3923 populo
1274 3859 1363 3908 mermi
1373 3858 1479 3918 mulleis,

326 4023 333 4056 ¹
352 4025 406 4074 The
417 4024 486 4073 word
498 4023 718 4074 “Mamurius'’
735 4039 784 4072 rvss
795 4025 877 4074 sddod
957 4039 1004 4087 pro
1037 4021 1243 4072 Artbidr'stouotu
1278 4021 1393 4082 Exortus?
1430 4021 1482 4070 snd

357 4091 393 4154 by
410 4089 502 4152 Bishop
515 4089 674 4138 Grsndisson.
962 4089 1106 4150 “Magistro
1123 4089 1219 4137 Thome
1235 4089 1267 4137 de
1286 4087 1418 4147 ssoelonds,
1434 4099 1482 4150 pro

326 4155 336 4186 ¹
353 4155 406 4204 'l'he
417 4155 467 4204 like
480 4155 567 4204 better
583 4170 633 4203 vves
649 4153 769 4211 directed,
789 4159 817 4202 st
832 4153 877 4203 the
960 4153 1209 4203 Arohr’diuoonstibus
1226 4152 1344 4203 'Potionis
1360 4157 1388 4202 et
1403 4153 1482 4201 Bern-

358 4219 512 4282 semotim,
530 4219 733 4270 “Arrhidiseono
752 4217 877 4270 Otrnubie
960 4218 1097 4282 sstsptli05
1115 4219 1153 4270 85.
