3304 4978
608 471 793 528 amaruan
814 471 952 526 mnux.
1036 419 1039 426 ¹
1276 451 1349 526 237

194 623 308 703 Rome,
322 625 426 693 Ocuri
440 626 706 694 oi-continued.

261 735 337 788 rator
346 738 449 790 abeam
459 739 628 790 Procuratoria'
635 738 794 804 (appointing
804 738 849 788 the
859 753 927 788 sume
939 737 1022 800 Cleri)
1037 737 1205 789 2-Universis
1216 747 1345 809 presentes

292 807 346 866 eta,
366 805 642 854 amatam—Noveritis
659 805 727 868 quod
749 819 795 853 nos
815 805 905 852 damus
924 807 951 852 et
969 803 1127 852 concedimus
1143 805 1247 855 liberam
1267 813 1348 870 potes·

291 873 370 918 tatem
388 870 507 934 Magistro
530 871 640 920 Aluredo
666 869 773 928 Milonis,
793 868 887 929 clerico
907 869 981 917 latori
1006 869 1173 928 Presencium,
1191 875 1217 920 et
1239 873 1348 922 eundem

290 933 440 997 Magistrum
479 935 668 984 Procuratorem
708 939 823 984 nostrum
862 933 1047 993 constituimus,
1080 935 1113 982 ad
1146 936 1345 988 contrahendum

291 1003 411 1048 mutuum
438 1000 465 1048 in
494 999 570 1050 Curia
597 1001 716 1060 Romans,
741 1014 800 1048 cum
824 999 1026 1062 quibuscumque
1054 1000 1240 1062 mercatoribus,
1267 1018 1349 1067 usque

291 1064 323 1112 ad
341 1065 512 1127 quantitatem
538 1069 642 1114 centum
669 1065 790 1114 librarum
808 1064 993 1126 sterlingorum,
1011 1079 1056 1126 pro
1075 1065 1167 1112 nostris
1192 1071 1219 1114 et
1239 1067 1348 1118 Eccleme

290 1132 375 1177 nostre
402 1130 509 1193 negociis
536 1130 563 1180 in
590 1131 676 1179 eadam
706 1129 781 1178 Curia
807 1128 979 1191 expediendis;
997 1133 1024 1176 et
1051 1128 1083 1176 ad
1111 1129 1272 1193 obligandum
1292 1148 1346 1195 nos,

291 1192 449 1244 Mnanostra
458 1195 559 1245 mobilia
570 1200 596 1244 et
606 1194 751 1255 immobilia,
763 1193 899 1243 Ecclesiam
911 1197 1029 1252 nostram,
1038 1197 1065 1242 et
1076 1194 1232 1244 Successoras
1241 1201 1346 1260 nostros,

292 1259 470 1309 mercatoribus
478 1275 537 1309 oum
548 1260 640 1324 quibus
652 1260 750 1309 dictum
761 1264 881 1308 mutuum
893 1257 1051 1314 contraxerit,
1063 1259 1095 1306 ad
1106 1259 1257 1310 solucionem
1269 1263 1346 1312 dicta·

289 1339 347 1372 rum
366 1324 386 1374 C
405 1325 534 1386 librarum,
546 1329 659 1388 ternpore
677 1331 703 1374 et
723 1325 777 1373 loco
816 1339 862 1372 uos
874 1323 967 1371 eisdmm
979 1323 1158 1372 mercatoribus
1168 1325 1349 1389 assignaverit:

291 1388 333 1449 ita,
352 1394 444 1450 tamen,
461 1391 529 1454 quod
544 1391 642 1440 dictum
662 1395 782 1439 mutuum
798 1339 847 1437 iat
868 1389 899 1436 de
918 1387 1020 1436 consilio
1038 1388 1223 1438 venerabilium
1243 1391 1348 1442 Petrum

291 1453 457 1504 Dominarum
478 1460 622 1505 nostrorum
642 1455 797 1504 Portuiensis
824 1457 850 1502 et
876 1453 967 1502 Sancte
995 1452 1094 1502 Ruffine
1117 1454 1239 1517 Episcopi,
1256 1461 1283 1505 et
1308 1457 1348 1518 0.,

292 1518 379 1568 Sancti
393 1520 497 1569 Adriani
517 1521 620 1569 Diaconi
638 1519 783 1580 cardinalis,
798 1517 838 1566 vel
854 1517 957 1566 alterius
974 1532 1078 1566 aenam:
1100 1524 1184 1568 ratum
1204 1525 1231 1568 et
1246 1526 1348 1584 gratum

291 1583 411 1633 hebentes
427 1585 548 1649 quicquid
568 1585 651 1634 dictus
673 1583 792 1647 Magister
810 1583 838 1632 in
854 1582 988 1646 premissis,
1008 1583 1109 1632 nomine
1126 1590 1220 1647 nostro,
1243 1587 1346 1636 duxerit

291 1647 440 1700 iaciendum.
446 1649 506 1699 -ln
514 1650 588 1714 cujus
599 1651 641 1711 rei,
653 1653 699 1698 ete
712 1667 719 1710 ς
735 1647 793 1698 tota

259 1744 333 1794 Anno
349 1747 444 1808 eodem,
462 1748 616 1812 Burdogalie,
628 1747 655 1796 in
672 1748 747 1796 Festo
764 1746 851 1796 Sancti
867 1745 997 1808 lobannis,
1009 1746 1125 1810 Apostoli
1142 1751 1169 1798 et
1185 1748 1345 1814 Evangeliste

291 1807 333 1874 [27
356 1812 423 1873 Dec,
445 1811 527 1874 12731,
549 1813 628 1862 exivit
649 1812 707 1861 talis
735 1811 906 1870 Litora-vin.
937 1811 981 1860 the
1003 1811 1179 1876 appointmant
1198 1814 1225 1862 of
1252 1815 1346 1865 Master

293 1877 402 1926 Richard
413 1877 444 1926 de
456 1877 581 1927 Oarswille
592 1893 619 1927 as
630 1877 675 1927 the
688 1877 801 1940 limbop's
812 1878 916 1926 Praetor
926 1876 953 1925 in
970 1876 1015 1926 the
1033 1877 1110 1941 Papal
1122 1877 1209 1940 court,
1221 1881 1288 1930 until
1300 1881 1345 1931 the

293 1941 404 1991 Kalen&
416 1942 443 1990 of
460 1943 518 2007 May
532 1947 594 1992 next
609 1943 731 2006 ensuing;
748 1943 861 1992 ot-on
881 1941 926 1990 the
945 1957 1013 1991 same
1032 1942 1081 2006 day
1100 1943 1145 1992 tbe
1164 1943 1217 1992 said
1238 1945 1346 1997 Riehard

293 2005 1348 2138 rua,

293 2136 400 2198 Milonis,
423 2139 551 2200 quondam
580 2137 749 2187 Procuratoris
776 2135 863 2198 nostri,
891 2135 983 2193 debita.
998 2137 1177 2200 ‘obligaeionea
1204 2144 1348 2190 contractus

292 2207 465 2264 mercatorum,
484 2203 580 2252 literas
598 2203 676 2252 eciam
692 2201 825 2252 solucionis
841 2205 867 2250 et
883 2201 1033 2264 recapcienis
1049 2201 1080 2250 ab
1096 2202 1198 2264 eisdem,
1216 2209 1242 2254 et
1258 2205 1306 2255 alia
1321 2205 1349 2256 in

292 2267 384 2330 quibus
395 2268 467 2317 nobis
478 2269 612 2318 tenebatur
623 2273 649 2316 et
659 2268 737 2317 eciam
749 2271 851 2316 tenetur
862 2281 869 2326 ;
886 2265 1047 2326 itia-abo,
1060 2282 1093 2316 on
1108 2267 1152 2316 the
1164 2269 1226 2318 aoth
1237 2269 1264 2318 oi
1283 2271 1342 2322 Feb.

295 2331 322 2393 [x
334 2333 460 2382 Kalendas
472 2333 575 2394 MarciiJ,
589 2333 687 2394 lara-a,
700 2333 743 2381 the
755 2331 847 2394 Bishop
858 2331 942 2380 issum
954 2347 985 2380 an
997 2331 1127 2396 authority
1139 2337 1166 2382 to
1177 2334 1286 2384 demand
1296 2337 1348 2386 and

292 2397 386 2446 receive
412 2399 449 2446 “a
473 2399 589 2462 Philippo
613 2397 740 2462 Rodulpbi
767 2396 889 2459 sociisque
914 2397 973 2456 suis,
997 2397 1093 2446 civibus
1117 2402 1144 2447 et
1168 2400 1349 2451 mercatoribus

292 2461 427 2524 Florencie,
440 2478 519 2526 usque
536 2465 569 2512 ad
585 2479 710 2512 summam
727 2461 818 2525 viginti
833 2477 981 2520 marcarum,
997 2461 1181 2524 sterlingorum,
1192 2464 1225 2512 de
1241 2466 1347 2528 pecunia

293 2543 436 2590 parmenus
451 2529 564 2592 Magistri
575 2529 679 2578 Aluredi
688 2527 795 2587 Milonis,
808 2527 936 2590 quondam
952 2527 1121 2576 Procuratoris
1130 2529 1210 2578 nostri
1220 2527 1247 2580 in
1259 2531 1346 2582 eadem

294 2592 375 2654 Curia,
387 2593 491 2643 liberata
502 2593 595 2642 eisdem
608 2598 634 2642 et
649 2593 872 2642 soluta-Datum
884 2591 1008 2648 Parisius;
1027 2591 1084 2642 itta

259 2687 333 2738 Anno
356 2691 554 2741 Oonmcracionis
576 2691 678 2740 Domini
700 2690 817 2754 Episcopi
838 2691 944 2754 septimo
966 2689 1069 2750 decimo,
1092 2690 1140 2740 Die
1167 2691 1299 2743 Dominica
1321 2695 1348 2745 in

292 2755 409 2805 Passione
426 2757 528 2806 Domini
544 2755 586 2820 [le
600 2756 692 2817 March,
705 2755 787 2816 12741,
804 2755 883 2804 exivit
898 2755 987 2816 Litora,
1003 2756 1071 2818 apud
1082 2756 1186 2820 Vyter‘y,
1201 2759 1234 2807 ad
1245 2759 1348 2810 Curiam

291 2821 437 2883 Romanam,
453 2822 502 2871 sub
516 2822 563 2871 bac
578 2823 659 2871 forma
672 2821 834 2871 z-Omnibus
851 2820 945 2870 Christi
962 2821 1090 2870 Fidelibus
1107 2827 1233 2886 presentes
1251 2824 1348 2876 Literas

290 2885 440 2949 inspecturis
462 2887 594 2948 walterus,
618 2885 778 2950 permissione
800 2885 892 2934 Divina
918 2885 1065 2934 Exoniensis
1094 2887 1202 2936 Ecclesia
1230 2889 1346 2940 Minister

292 2951 402 3012 humilis,
425 2951 533 3001 salutem
552 2953 579 3001 in
598 2951 661 3001 lilio
681 2951 789 3013 Virginis
808 2950 1051 3014 gloriosa-Notum
1069 2951 1121 3000 fieri
1145 2952 1263 3002 volumus
1279 2955 1348 3018 quod

291 3017 396 3065 dilectos
407 3021 434 3064 et
444 3017 578 3066 familiares
594 3021 700 3076 nostros,
718 3015 850 3078 Magistros
867 3015 1002 3064 Ricardum
1013 3016 1045 3064 de
1057 3017 1201 3066 Crusewelle
1212 3023 1239 3067 at
1250 3019 1346 3083 Philip·

290 3096 352 3144 pum
363 3082 395 3130 de
407 3081 511 3144 lixonia,
522 3082 629 3143 clericos,
641 3081 780 3145 quemlibet
796 3095 883 3129 eorum
899 3081 925 3128 in
941 3081 1059 3139 solidum,
1071 3081 1107 3130 ita
1122 3083 1191 3144 quod
1202 3086 1347 3147 occupantis

292 3146 380 3194 melior
398 3147 509 3196 condicio
528 3163 580 3196 nou
598 3147 697 3206 existat,
715 3151 814 3195 nostros
833 3146 939 3194 iacimus
960 3150 988 3194 et
1009 3145 1154 3194 ordinamus
1177 3149 1298 3211 Syndieos
1319 3155 1347 3200 et

292 3211 467 3260 Procuratores
488 3213 521 3261 ad
542 3211 720 3275 recipiendum,
742 3217 829 3260 nostru
850 3210 958 3270 nomine,
975 3214 1002 3258 et
1023 3227 1068 3274 pro
1091 3211 1169 3272 nobis,
1192 3217 1218 3262 et
1239 3215 1347 3278 negociis

291 3277 383 3325 nostfis
407 3277 567 3340 exmdierdis
585 3277 613 3326 in
640 3279 752 3325 Romana
778 3275 893 3336 Curias
918 3275 1034 3324 iohanne
1067 3275 1198 3326 Gamrdini
1217 3283 1244 3328 et
1269 3280 1347 3344 Spina

291 3341 401 3404 Philippi
420 3343 452 3390 de
475 3341 588 3402 Pistoris,
605 3341 792 3402 mercatoribus,
810 3339 887 3390 Sociis
905 3339 992 3389 Jacobi
1010 3339 1179 3390 Bartholomei
1194 3347 1221 3392 et
1238 3345 1347 3394 Baudini

292 3407 408 3466 fratrum,
426 3411 544 3456 natorum
561 3405 664 3455 Domini
680 3405 795 3466 Avanati,
808 3409 835 3454 et
850 3405 938 3454 Jacobi
954 3405 1057 3454 Domini
1073 3407 1211 3468 rigolantis,
1222 3412 1249 3457 et
1266 3409 1348 3459 Laudi

293 3471 394 3520 Domini
417 3471 529 3532 Anionis,
552 3486 639 3520 eorum
661 3469 811 3532 concivibus,
837 3469 959 3532 tringinta
980 3485 1075 3520 mareas
1091 3471 1276 3536 sterlingorum,
1296 3479 1345 3524 tre·

291 3537 373 3586 decim
397 3537 483 3586 solidis
507 3543 534 3586 et
555 3536 591 3600 iiij
610 3535 717 3585 denariis
739 3551 783 3598 pro
803 3551 886 3584 marea
901 3534 1015 3598 qualibet
1036 3537 1202 3600 computatis,
1220 3543 1305 3588 ratum
1322 3545 1349 3589 et

290 3607 391 3663 gratum
418 3601 445 3651 in
467 3603 573 3652 veritate
600 3601 691 3650 babere
718 3600 894 3663 promittentes
919 3599 1038 3664 quioquid
1066 3600 1143 3649 iidem
1170 3602 1346 3654 Procuratores

291 3681 335 3715 seu
369 3667 472 3730 Syndici
505 3667 592 3727 nostri,
619 3671 666 3714 aut
692 3680 779 3714 eorum
809 3665 879 3725 alter,
907 3665 1027 3714 duxerint
1053 3665 1081 3714 in
1113 3665 1162 3714 hiis
1195 3667 1345 3720 iaciendum.

292 3731 473 3792 Promittimus,
493 3732 579 3792 eciam,
598 3731 694 3780 dietam
711 3729 842 3793 perunum
856 3729 960 3778 reddam
976 3734 1003 3778 et
1018 3729 1113 3778 solvere
1132 3731 1236 3794 prefatis
1252 3734 1346 3783 Jacobo

291 3795 419 3858 Agolentis
431 3802 457 3845 et
469 3797 563 3857 Laudo,
574 3795 614 3844 vel
630 3810 716 3844 eorum
734 3794 813 3855 altari,
825 3794 851 3842 in
863 3794 975 3854 veritate,
987 3793 1014 3842 in
1026 3793 1212 3845 Londonianrm
1230 3797 1346 3862 civitate,

290 3859 355 3908 inira
365 3861 462 3910 instans
470 3861 576 3911 Festum
587 3861 746 3910 Pentecosten
757 3857 800 3922 [20
813 3859 882 3922 May]
893 3875 900 3919 ;
917 3859 1056 3922 obligantes
1067 3865 1192 3924 quantum
1203 3861 1291 3912 adhoc
1302 3878 1348 3914 nos

290 3931 317 3974 et
336 3931 434 3975 nostros
456 3927 621 3987 Successores,
644 3931 671 3974 et
693 3925 871 3988 Episcopatum
893 3928 1015 3984 nostmm,
1033 3929 1060 3972 et
1076 3925 1159 3973 omnia
1175 3925 1241 3975 bona
1261 3933 1348 3978 nostra

291 3991 417 4054 presencia
428 3995 455 4040 et
465 3991 570 4049 iutura;
587 3990 762 4040 renunciantes
778 3987 919 4052 excepcioni
935 3989 987 4038 doli
1002 3989 1069 4050 mali,
1081 3989 1286 4052 accioniinstanti,
1299 3992 1347 4043 ieri

289 4061 316 4104 et
328 4057 422 4117 Crucis,
431 4072 461 4106 ac
471 4055 608 4119 cujuslibet
618 4055 742 4104 libertatis
753 4054 888 4118 privilegio,
897 4069 942 4117 per
952 4054 1021 4117 quod
1032 4069 1176 4105 conoessum
1188 4071 1240 4104 esse
1252 4057 1346 4108 dieitur

291 4121 395 4171 Prolatis
412 4126 458 4170 aut
474 4121 576 4170 Olericis
593 4121 624 4170 da
641 4120 730 4183 Anglia
747 4119 815 4183 quod
838 4119 900 4168 citra
914 4133 982 4167 mare
1000 4124 1127 4182 nequeant
1143 4121 1343 4173 conveniri-In

289 4185 600 4306 grcffujusttestimoniffi
614 4183 869 4314 Ι(ψοῐῦῖΙὶςιιίΞιΙιιιιὀὶῗξο
884 4199 934 4247 quo
949 4183 1027 4247 prius,
1038 4187 1065 4234 et
1081 4184 1156 4234 Anno
1176 4185 1278 4236 Domini
1297 4187 1343 4238 ΜΟ.

344 4269 406 4316 .sep
421 4265 547 4314 uagesrmo
599 4265 636 4299 cro
731 4277 739 4287 ·
779 4264 786 4309 ;
850 4285 855 4298 .
