3298 4984
610 427 949 484 unuaafflanax.
1304 415 1350 487 51

290 600 442 638 rumores
453 587 504 647 sari.
523 603 569 651 pro
585 587 637 637 ulls
652 587 849 638 summonicione
866 587 905 637 vel
922 585 1077 637 districh'ons
1093 587 1125 636 ad
1141 587 1244 640 Curiam
1261 605 1350 654 meam,

292 667 336 700 nec
352 653 480 703 heredum
502 669 617 702 meorum
632 653 670 703 vel
688 654 872 716 assignatorum
889 668 1002 702 meorum
1019 653 1174 716 inposterum
1190 655 1281 706 venire
1316 657 1351 707 Et

293 732 336 774 ego
352 718 486 779 Ricardus,
504 723 531 767 et
548 719 651 768 heredes
667 720 725 780 mei,
742 723 769 768 et
785 719 939 782 quicumque
950 717 1063 767 tenuerit
1079 719 1218 770 Manedum
1229 719 1261 769 ds
1273 721 1348 772 (ilist-

293 781 408 846 iomyaen
419 783 448 832 in
460 787 518 832 toto
529 783 568 832 vel
580 784 606 832 in
619 789 697 848 parts,
710 789 827 833 tenemur
838 783 1006 843 amenum,
1015 784 1163 846 acquietare,
1175 789 1202 834 et
1213 785 1347 836 defendens

295 847 386 896 dictam
404 853 510 909 terram,
531 864 589 897 curn
611 849 782 898 Advoeacions
799 849 866 898 dicte
884 847 1001 908 Ecclesia,
1023 848 1092 897 dicto
1113 849 1221 898 Domino
1239 851 1348 902 waliam

295 911 416 976 Episcopo
444 919 473 962 et
500 915 684 963 suecessoribus
712 915 772 976 suis,
793 913 922 976 Episcopis
941 912 1132 974 Exoniensibus,
1154 919 1241 964 contra
1263 931 1349 966 omnes

296 976 409 1026 homines
419 982 447 1027 et
457 979 566 1028 feminae
576 979 762 1042 inperpetuum.
805 979 853 1027 Pro
864 979 917 1036 hac,
929 983 1023 1039 autem,
1032 978 1174 1038 donacions,
1186 981 1349 1044 conueniens,

297 1049 323 1090 et
343 1043 549 1092 warentirscione
574 1045 646 1094 dulit
675 1045 752 1093 michi
774 1044 858 1092 dictus
880 1044 1006 1092 walterus
1033 1043 1123 1106 viginti
1151 1044 1225 1093 libras
1252 1047 1349 1108 argenti

297 1108 464 1168 premanibus,
482 1113 509 1157 et
525 1113 606 1158 tetam
623 1115 717 1158 terram
733 1109 765 1158 de
781 1109 806 1158 le
817 1109 893 1168 hiere,
902 1123 979 1171 quam
991 1107 1111 1156 Ricardus
1129 1109 1261 1172 Fomyaon,
1278 1115 1349 1174 pater

298 1187 375 1232 meus,
387 1173 604 1250 deditUWillelmo,
622 1175 695 1223 fratri
711 1190 775 1223 meo.
789 1239 795 1250 ι
826 1174 907 1234 Quod,
925 1188 990 1250 sero,
1008 1177 1093 1222 ratum
1110 1173 1211 1222 firmum
1222 1179 1249 1224 st
1259 1176 1349 1226 stsbde

297 1239 890 1367 ttttffitfflttatfflttttt
909 1237 1349 1368 stttttdttattttaht

298 1367 444 1428 Aroeveske,
463 1369 570 1432 liugane
586 1369 619 1418 de
637 1369 752 1432 Releghe,
770 1368 871 1418 Matheo
882 1368 914 1416 de
931 1366 1073 1430 Eglosheyl,
1091 1368 1230 1424 Militibus3
1248 1371 1349 1420 Andrea

296 1431 329 1479 de
338 1432 504 1495 Ponderham,
516 1432 533 1481 J
535 1433 633 1483 ohanne
644 1434 667 1483 le
677 1433 867 1496 chamberluym
880 1437 907 1481 et
917 1431 1140 1494 aliia—[Stimhed
1151 1433 1176 1482 in
1188 1439 1216 1482 at
1227 1433 1271 1483 the
1281 1434 1348 1496 endi.

314 1496 455 1610 zadoram
467 1498 511 1563 (by
530 1499 575 1562 Bp.
589 1499 741 1558 Grandison)
754 1498 818 1548 Clist
838 1497 1033 1548 Fomiauu-de
1052 1497 1223 1548 Advocacioae
1241 1499 1349 1551 Ecclede

297 1575 339 1625 eju
372 1578 420 1613 em.

194 1639 296 1728 Olyet
322 1643 370 1707 St.
387 1643 528 1721 Gabriel,
551 1645 706 1732 Hospital
732 1644 788 1724 oi;
817 1643 1063 1730 appropriation
1086 1643 1214 1711 thereto
1233 1643 1270 1711 of
1291 1645 1348 1712 the

284 1728 419 1796 Church
434 1731 470 1796 oi
484 1732 742 1819 Farringdon,—

261 1833 394 1883 Universis
419 1841 548 1900 presentes
584 1837 681 1886 Literas
710 1836 859 1900 inspecturis
895 1837 1029 1897 Walterm,
1060 1835 1220 1886 miseracione
1258 1837 1349 1888 Divina

297 1899 445 1948 tironiensis
467 1902 611 1964 Episcopus,
634 1902 742 1950 salutem
760 1901 785 1949 in
808 1901 917 1950 Domino
936 1901 1193 1965 sempiternam—lh)
1209 1901 1349 1952 fiducialius

296 1965 462 2025 possessiones
482 1967 636 2016 transitorias
655 1967 812 2030 adquirimus
833 1983 884 2029 quo
906 1967 1013 2029 emplius
1043 1967 1163 2016 Divinum
1187 1967 1293 2016 Cultum
1316 1983 1347 2016 ex

297 2044 384 2078 mrum
396 2030 521 2080 fructibus
532 2037 694 2095 augmentare
706 2031 873 2094 proponimus
920 2031 1027 2080 Proinde
1039 2035 1167 2080 vacantem
1181 2032 1348 2083 Parochialem

298 2094 434 2144 Ecclesiam
453 2097 484 2144 de
503 2097 641 2156 Farndone,
661 2113 720 2146 cum
737 2095 862 2145 fructibus
879 2097 1000 2158 ejusdem,
1017 2097 1050 2144 ad
1066 2097 1224 2145 collationem
1236 2103 1348 2147 nostram

296 2165 459 2222 spectantem,
471 2161 545 2224 cujus
557 2162 754 2210 Advocationem
766 2175 798 2209 ex
809 2161 919 2224 grutuita
930 2161 1086 2210 concessione
1093 2162 1178 2210 dilecti
1190 2161 1233 2210 filii
1246 2163 1349 2212 Raberti

298 2225 400 2283 Giffard,
412 2229 473 2274 tunc
485 2227 599 2290 ejusdem
610 2227 662 2276 veri
674 2227 780 2289 petroni,
792 2223 882 2290 nuper¹
899 2227 1088 2289 adquisivimus,
1097 2227 1128 2275 ad
1137 2227 1348 2278 sustentacionem

297 2289 406 2338 duomm
429 2291 619 2354 capellanorum
642 2308 686 2354 per
708 2307 753 2340 noe
770 2297 796 2339 et
812 2307 964 2340 successores
980 2297 1078 2340 nostros
1094 2291 1210 2340 mnoaice
1226 2291 1348 2342 substitu·

297 2355 419 2403 sudorum
430 2356 456 2404 in
469 2357 569 2420 Capella
581 2357 667 2406 Sancti
679 2356 808 2414 Gubrielia,
821 2372 897 2418 quam
907 2357 972 2405 inira
980 2361 1051 2420 septe
1062 2357 1137 2406 Gurie
1146 2361 1230 2405 nostre
1241 2357 1273 2405 de
1285 2357 1350 2406 Clist

297 2419 460 2469 fundavimus
482 2423 514 2470 ad
537 2422 655 2470 honorem
676 2423 753 2470 Beate
776 2421 893 2483 Virginis,
921 2421 983 2469 dicti
1006 2421 1162 2484 Archangeli,
1183 2427 1210 2470 et
1227 2421 1347 2472 Omnium

298 2484 458 2546 Angelorum,
468 2501 564 2535 necnon
574 2492 600 2535 et
609 2503 654 2550 pro
662 2487 743 2535 salute
754 2486 837 2534 anime
845 2491 938 2542 nostre,
946 2491 1129 2534 autecessorum
1137 2492 1163 2534 st
1171 2502 1348 2548 sumessorum,

297 2563 325 2597 ac
343 2549 530 2600 bencfactorum
549 2557 700 2606 nostrorum.
719 2551 810 2600 Divina
827 2556 947 2614 perpetuo
965 2551 1153 2609 celebmncium,
1167 2553 1299 2600 amelonis
1316 2553 1347 2601 sd

297 2614 344 2662 hoc
363 2615 513 2664 dilectorum
536 2617 644 2664 liliorum
668 2617 762 2664 Decuni
779 2621 806 2664 et
822 2615 933 2678 Capituli
955 2617 1033 2664 nostri
1057 2615 1203 2664 Exouiensis
1225 2631 1347 2666 consensu

297 2678 428 2740 legittimo,
437 2682 600 2730 attestacione
609 2681 730 2743 presentis
741 2681 914 2740 Instrumenti,
924 2681 1019 2728 intuitu
1028 2680 1145 2740 mritatis,
1152 2681 1347 2742 appropriamua,

297 2745 463 2804 concidimus,
476 2751 503 2794 et
513 2747 630 2795 canoniea
641 2745 843 2809 appropriatione
854 2745 1011 2794 annectimus
1023 2751 1143 2808 perpetuo
1155 2745 1329 2808 liossidoudam
1341 2763 1348 2806 ς

296 2809 364 2856 salva
380 2812 532 2873 competenti
549 2811 646 2860 Vioariu
664 2827 707 2873 per
723 2826 768 2860 nos
784 2815 810 2858 st
826 2825 977 2860 successores
994 2815 1091 2859 nostras
1107 2809 1211 2874 ydoneis
1237 2812 1349 2860 Personis

296 2889 355 2921 cum
373 2876 497 2924 vacaverit·
516 2877 671 2939 inposterum
691 2875 912 2925 conterenda—ln
924 2875 997 2937 cujus
1009 2875 1045 2924 rei
1057 2875 1228 2924 testimouium
1241 2877 1349 2937 praesenti

297 2938 425 3002 scripture
441 2941 551 3004 sigillum
568 2947 683 2990 nostrum
696 2941 787 3004 apponi
799 2941 1040 2988 lecimus-Datum
1058 2939 1125 3002 aliud
1143 2939 1213 2999 Glist,
1230 2939 1255 2988 in
1275 2941 1349 2990 Festo

299 3003 447 3053 Sanctorum
465 3005 555 3054 cosme
577 3011 604 3054 et
623 3005 740 3054 Damiani
768 3005 809 3066 [27
832 3005 922 3067 Sept.],
946 3007 1019 3053 Anno
1043 3004 1130 3054 Gracia
1158 3003 1195 3054 ΜΩ
1216 3003 1269 3054 000
1289 3005 1347 3055 111⁰

298 3069 383 3129 Sexto,
390 3075 418 3118 et
429 3071 628 3120 consecracionis
639 3077 723 3119 nostre
734 3071 831 3120 decimo
843 3086 926 3124 nono:
944 3069 981 3120 74.

197 3146 288 3213 Glist
303 3148 351 3213 St.
368 3149 472 3236 Many,
488 3151 597 3216 Adam
613 3151 662 3228 de,
677 3153 752 3216 inst.
769 3155 804 3216 tc
819 3149 1010 3236 Harpford;
1034 3153 1083 3216 50.

197 3252 439 3318 Glutinstowe²
457 3256 540 3333 (sic),
555 3255 673 3340 Henry
688 3255 738 3330 de,
753 3255 878 3338 resigna
898 3253 950 3316 his
966 3252 1114 3318 Prebend
1134 3253 1166 3318 in
1185 3253 1352 3335 Crediton,

289 3339 356 3403 arrd
370 3341 398 3404 is
414 3341 555 3406 collated
570 3345 605 3406 to
619 3363 640 3406 a
655 3339 804 3406 Prebend
819 3341 853 3403 in
870 3339 918 3404 St.
935 3339 1059 3420 Teeth;
1082 3337 1147 3405 491².

198 3441 395 3527 Clystwick,
411 3444 461 3510 ie.
479 3443 576 3530 Olyst
591 3445 639 3511 St.
656 3445 781 3529 George
797 3443 890 3529 (qu).

195 3543 326 3622 Onolle,
341 3547 531 3613 Alexander
545 3548 585 3613 de
600 3547 638 3624 la,
654 3549 729 3613 insi.
745 3551 781 3613 to
797 3547 1024 3632 Ashreigney;
1048 3547 1112 3612 ll'‘.

195 3649 326 3726 Gnolle,
349 3649 493 3716 Edwerd
516 3651 556 3716 do
579 3651 619 3728 le,
634 3651 729 3716 Dean
744 3650 779 3716 oi
806 3650 917 3726 welle,
939 3651 1077 3716 collated
1102 3657 1137 3715 ta
1160 3673 1180 3716 a
1203 3651 1353 3718 Prebend

289 3737 324 3800 in
346 3737 511 3818 Bosham;
534 3738 599 3801 38¹¹.

196 3840 326 3918 Onolle,
342 3841 449 3930 Ralph
467 3843 521 3920 de,
537 3842 674 3908 collated
692 3841 752 3927 (by
767 3841 873 3928 lapse)
889 3846 924 3906 to
940 3840 1117 3906 Sidmouth
1132 3866 1139 3921 ;
1163 3844 1212 3906 25.

197 4103 205 4134 ¹
226 4104 338 4156 Another
354 4123 418 4172 copy
430 4107 459 4156 of
477 4104 533 4154 this
551 4103 695 4154 Document
706 4101 756 4151 will
807 4103 876 4151 word
900 4103 1063 4151 “canonice'’
1083 4099 1155 4148 takes
1177 4102 1222 4150 the
1243 4099 1313 4162 place
1333 4099 1360 4146 ot

196 4171 231 4218 be
247 4170 323 4222 tound
338 4174 450 4224 stitched
469 4171 499 4220 in
517 4173 545 4218 ut
559 4169 602 4218 the
619 4167 758 4234 beginning
807 4167 851 4216 the
863 4169 943 4216 words
956 4169 1010 4216 “ex
1021 4165 1139 4230 gratuita
1173 4201 1179 4214 .
1213 4202 1219 4214 .
1254 4162 1360 4222 nuper.”

197 4235 226 4283 oi
242 4236 283 4285 the
293 4239 406 4304 Register
420 4258 426 4290 :
445 4238 494 4288 the
512 4235 585 4284 MSS.
598 4250 672 4298 agree
684 4233 712 4282 in
724 4232 758 4280 ell
807 4231 955 4282 ²Aolerioul
963 4248 1030 4280 error
1036 4232 1076 4278 ior
1084 4229 1270 4277 Cristinsstcwe
1278 4225 1360 4285 (q.t.):

194 4310 306 4368 respecta,
320 4312 411 4372 except
429 4305 503 4362 that,
521 4299 548 4349 in
559 4300 603 4351 the
614 4302 702 4360 latter,
714 4295 758 4347 the
807 4298 850 4347 Sec
862 4297 898 4348 St.
911 4297 999 4360 Teath,
1012 4291 1191 4345 Prebendariss
1202 4292 1237 4340 ot.

324 4373 336 4412 Ξ

298 4395 323 4450 Ε
