3298 4984
630 437 815 494 essessa
832 437 962 490 mccx.
1331 423 1376 496 57

312 593 409 642 easdem
421 593 551 654 convenit,
563 594 647 642 amieis
658 593 839 643 communibus
849 593 1081 646 intervenientibus.
1092 597 1148 655 post
1160 597 1283 642 tractatus
1295 593 1374 642 varios

312 659 404 706 dictam
423 659 614 708 contencionem
632 676 676 722 per
693 660 761 708 viam
780 659 965 722 composicionis
979 675 1024 720 pro
1046 659 1109 706 bono
1128 658 1194 720 pecie
1212 659 1375 708 amicabiliter

314 724 386 786 sapiri
399 725 425 772 in
439 724 522 772 icrrna
540 725 697 786 subscripts;
716 724 840 783 videlicet,
851 725 919 786 quod
935 725 1018 772 dictus
1039 727 1128 771 Comes
1146 725 1202 772 vult
1220 730 1247 772 et
1263 725 1377 772 concedit

317 789 382 850 qaod
397 787 511 837 Ecclesia
523 794 550 836 et
563 789 670 837 ministri
683 789 794 837 Ecclesie
807 804 890 850 pacem
904 789 1014 836 babeant
1026 789 1050 836 in
1065 789 1190 837 (Joruubia
1199 795 1226 836 et
1237 789 1292 838 eliis
1304 789 1376 838 terris

317 859 343 900 et
354 853 472 902 dominiis
481 853 562 916 ipsius
574 854 679 902 Comitis
691 854 839 902 Excniensis
852 853 967 902 Civitatis
979 860 1005 902 et
1020 852 1137 912 lliocesis,
1149 853 1215 902 sicut
1232 855 1376 903 habuerunt

318 924 429 981 tempore
448 917 554 967 Domini
575 917 648 982 Regis
665 919 830 978 Allemsnnie,
846 919 925 981 petris
942 919 989 978 sui,
1007 923 1034 966 et
1049 934 1101 977 suo,
1123 935 1202 981 usque
1222 920 1254 967 sal
1274 925 1375 982 tempus

318 983 487 1032 contencionis
505 983 572 1032 iuter
590 983 688 1032 dictum
712 981 851 1032 Dominum
872 983 1023 1046 Episcopum
1043 988 1070 1031 et
1089 983 1172 1046 ipsum
1196 989 1271 1032 mole.
1312 985 1376 1034 Vult

318 1048 395 1096 eciam
404 1053 431 1096 et
442 1049 558 1097 concedit
569 1049 651 1098 dictus
664 1049 754 1097 Comes
764 1049 832 1111 quod
844 1065 889 1112 pro
901 1048 1017 1097 Meneriis
1029 1049 1060 1095 ‹le
1073 1048 1177 1097 Polione
1189 1055 1215 1097 et
1227 1050 1259 1098 de
1278 1049 1373 1098 Pcuren

320 1113 364 1161 fiat
371 1119 439 1162 secte
450 1113 483 1161 ad
493 1115 558 1162 duos
567 1114 702 1162 comitatus
713 1119 740 1161 et
748 1115 812 1162 duos
823 1119 912 1162 turnos
923 1113 1081 1162 vicecomitis
1091 1113 1115 1162 in
1128 1129 1200 1172 enno,
1213 1131 1256 1176 per
1268 1121 1376 1176 ‹pratuor

320 1177 409 1226 liberos
421 1183 447 1226 et
457 1179 547 1240 legales
563 1179 675 1226 homiues
691 1184 791 1226 tantum
804 1179 835 1226 de
850 1184 957 1240 utroque
971 1178 1088 1237 Macerio,
1105 1179 1171 1226 sistat
1183 1180 1234 1226 lieri
1247 1179 1376 1228 consuevit

320 1249 432 1304 tempore
445 1244 518 1306 lisgis
531 1243 686 1292 nuemaanis
698 1243 804 1306 predicti
815 1249 841 1291 et
860 1243 921 1291 dicti
937 1243 1043 1292 Comitis
1064 1259 1143 1305 usque
1154 1244 1185 1292 ad
1198 1249 1298 1306 tempus
1310 1244 1377 1292 dicte

321 1308 488 1356 contenciouis
497 1312 565 1356 mote
578 1326 583 1368 ;
599 1314 626 1356 et
637 1309 704 1370 ‹luod
715 1325 759 1370 pro
770 1308 885 1356 Maneriis
897 1309 928 1356 de
936 1309 1051 1369 'l’reigaer
1063 1309 1125 1366 (ste)
1136 1313 1162 1356 et
1172 1309 1320 1370 Lawyttone
1332 1309 1376 1358 liat

320 1377 388 1420 secta
397 1389 440 1434 per
452 1389 532 1420 unum
545 1373 651 1421 libenrm
661 1379 686 1422 et
696 1373 799 1435 legalem
812 1373 937 1421 hominem
948 1377 1049 1421 tantum
1059 1373 1089 1420 de
1100 1378 1207 1436 utroque
1217 1374 1332 1434 llauerio,
1343 1375 1375 1422 sd

320 1438 384 1485 (taos
403 1439 539 1486 comitatus
558 1443 585 1486 et
604 1439 667 1486 duos
684 1444 773 1486 turnos
794 1438 949 1486 vicecomitis
967 1438 993 1486 in
1009 1453 1081 1497 antro,
1099 1437 1164 1486 sicut
1179 1438 1232 1485 fieri
1248 1439 1377 1488 eaasuevtt

320 1509 433 1565 tempore
448 1503 511 1551 dieti
526 1503 600 1565 Regis
617 1503 773 1551 Allemennie
790 1507 816 1552 et
830 1501 908 1566 ipsim
924 1503 1037 1562 Comitis,
1053 1519 1132 1566 usque
1147 1503 1178 1550 sd
1194 1507 1295 1566 tempus
1311 1504 1377 1553 dicte

320 1568 488 1616 mutescionis
510 1573 586 1616 mote.
623 1568 696 1628 item,
719 1569 777 1616 vult
798 1573 825 1616 et
846 1568 960 1616 concedit
985 1568 1068 1616 dictus
1091 1567 1180 1616 (bmes
1202 1569 1269 1630 qaod
1293 1569 1376 1618 dictus

321 1633 447 1681 Dominus
459 1633 596 1696 Episcopus
607 1633 699 1681 habeat
707 1633 891 1682 forisfacturam
903 1633 979 1681 sssise
993 1633 1064 1694 panis
1072 1637 1099 1680 et
1109 1632 1210 1680 cervisie
1222 1633 1247 1682 in
1260 1633 1376 1683 Maneriis

321 1697 374 1745 suis
394 1698 426 1745 de
441 1697 553 1756 Pallene,
575 1698 678 1757 Penrea,
701 1699 815 1760 'l'regsen
845 1697 985 1746 Lawittone
1008 1703 1034 1744 et
1056 1697 1141 1745 Sancti
1162 1698 1288 1759 Germani,
1311 1699 1377 1748 sicut

322 1763 413 1810 habere
425 1763 555 1810 consuevit
570 1767 682 1824 tempore
697 1763 759 1811 dicti
777 1763 850 1825 Regis
867 1763 1021 1810 Allemeunie
1037 1767 1063 1810 et
1079 1763 1157 1824 ipsius
1175 1763 1280 1812 Conritis
1296 1780 1376 1828 usque

320 1829 352 1875 ad
369 1833 470 1890 tempus
483 1828 550 1875 dicte
569 1829 737 1876 contencionis
758 1833 831 1876 mete
869 1829 902 1875 lit
920 1827 988 1890 qumi
1009 1828 1134 1890 pillarium
1152 1831 1179 1874 et
1198 1829 1376 1878 tumberellum

321 1893 394 1940 liberi
417 1893 489 1954 burgi
516 1894 547 1940 de
575 1894 670 1940 Penren
702 1898 856 1955 prostratum
887 1893 1004 1954 erigatur,
1030 1897 1056 1940 ct
1086 1893 1188 1940 libertas
1216 1893 1277 1940 dicti
1306 1894 1377 1956 burgi

321 1959 419 2020 integre
433 1959 590 2006 restituatur.
626 1959 690 2006 Item
706 1959 774 2020 quod
792 1973 880 2019 percus
895 1958 927 2006 de
943 1957 1052 2020 (largaul
1065 1957 1190 2006 reficiatur
1202 1958 1267 2006 inim
1280 1965 1377 2008 certum

321 2029 467 2086 competens
484 2027 590 2086 tempus
627 2023 662 2071 Et
681 2023 749 2086 quod
768 2023 895 2070 libertates
911 2021 1015 2071 himerii
1032 2022 1063 2070 de
1077 2021 1186 2084 Gorgasi
1207 2023 1278 2084 plene
1296 2024 1376 2072 alser-

322 2095 422 2146 rentur¹
441 2087 507 2136 sicut
529 2088 554 2135 in
574 2088 649 2136 carta
669 2088 743 2151 Regis
761 2087 917 2136 Allemeunie
936 2086 1079 2150 supradicti,
1095 2103 1170 2149 super
1189 2087 1235 2134 hac
1258 2089 1377 2150 cruriecte,

321 2153 421 2216 plenius
441 2153 589 2200 continetur.
626 2153 660 2200 ttt
679 2153 746 2214 qrrcd
772 2152 848 2200 eciam
877 2167 962 2200 ornnes
990 2151 1037 2199 alie
1059 2151 1187 2200 libertates
1215 2153 1239 2200 iu
1262 2153 1378 2215 predictis

324 2219 439 2266 lirrucriis
459 2218 571 2279 Episcopi
591 2223 617 2264 et
634 2218 688 2264 aliis
704 2219 753 2265 lese
768 2217 805 2264 rel
825 2217 915 2264 violate
931 2218 1144 2276 rusticissimam
1163 2217 1188 2264 itt
1207 2233 1264 2264 euru
1281 2223 1378 2268 statum

323 2285 476 2330 reluctatur
503 2283 570 2330 sieut
597 2283 701 2330 ltremnt
723 2287 835 2344 tearpnc
859 2283 931 2343 Regis
949 2282 1104 2329 Allernsnnie
1122 2289 1149 2329 ct
1167 2282 1245 2343 ipsius
1265 2283 1376 2344 Comitis,

324 2349 446 2410 usquead
459 2353 561 2410 tempus
580 2348 646 2395 dicte
665 2347 832 2394 contencionis
850 2353 923 2395 mote.
966 2347 1039 2405 Item,
1054 2346 1113 2409 qaia
1125 2347 1222 2394 (litorea
1232 2347 1342 2410 dampna
1353 2354 1379 2398 et

322 2413 424 2475 injuris,
442 2413 510 2460 dicto
536 2413 644 2460 Domino
668 2413 789 2476 Episcopo
808 2411 942 2460 Esonieusi
960 2417 987 2460 st
1004 2411 1060 2473 ejus
1077 2411 1186 2460 Ecclesie
1203 2427 1247 2488 per
1268 2411 1378 2462 diversos

322 2478 502 2537 malefactores,
518 2481 603 2540 preter
622 2477 799 2525 conscienciam
818 2477 930 2536 Comitis,
950 2481 981 2524 ut
1000 2475 1117 2536 creditur,
1133 2491 1183 2538 que
1202 2476 1270 2524 rdem
1289 2477 1378 2526 Comes

323 2544 398 2606 plane
408 2543 554 2602 desdvocst,
572 2541 747 2604 multipliciter
762 2546 823 2590 sunt
840 2541 917 2600 illata,
929 2541 1057 2604 promittit
1069 2541 1158 2590 (iomes
1174 2541 1237 2589 bona
1250 2541 1300 2590 lide
1311 2544 1379 2604 quod

323 2613 411 2656 cantra
422 2608 520 2656 dietum
532 2605 671 2654 Dominum
691 2606 842 2669 Episcopum
858 2606 890 2654 ad
908 2607 1016 2668 dampna
1029 2621 1075 2654 sua
1093 2607 1261 2668 recuperanda
1280 2607 1379 2657 nullum

324 2673 446 2730 tuebitur,
456 2677 495 2720 set
504 2672 586 2734 ipsum
599 2672 624 2719 in
640 2671 704 2734 juris
722 2671 762 2720 sui
780 2671 953 2732 prosecucione
971 2671 1077 2734 juvabit
1113 2671 1186 2730 Item,
1199 2672 1266 2733 qnod
1281 2677 1380 2720 tencet

325 2743 477 2795 tear-ments,
505 2737 627 2796 redditus,
648 2742 674 2784 et
693 2737 802 2795 servicia,
819 2753 869 2798 que
890 2753 933 2798 per
949 2735 1122 2784 ministeriales
1141 2736 1203 2783 dicti
1218 2737 1330 2798 Comitis,
1346 2739 1378 2786 sd

323 2803 457 2866 opuscjus,
467 2802 494 2849 in
506 2801 623 2850 lesionem
633 2806 659 2849 et
667 2803 806 2863 dampnum
818 2801 879 2849 dicti
894 2801 1007 2863 Episcopi
1018 2806 1045 2848 et
1058 2801 1165 2848 Ecclesie
1176 2817 1220 2848 sue
1233 2802 1380 2851 Exoniensis

325 2869 420 2931 injuste
432 2871 495 2915 sunt
506 2872 632 2929 usurpate,
645 2882 660 2914 a
671 2872 783 2928 tempore
799 2871 853 2913 orte
872 2865 1024 2914 turbacionis
1039 2865 1157 2927 predicte,
1167 2867 1341 2927 restituantur,
1353 2873 1380 2916 et

325 2935 351 2982 in
374 2937 471 2981 statum
495 2931 522 2980 in
545 2947 595 2994 quo
618 2931 686 2993 prius
708 2931 813 2979 luerunt
841 2931 999 2979 reducuntur.
1058 2931 1129 2989 lteur,
1156 2931 1270 2979 concedit
1297 2933 1381 2981 dictus

326 3000 415 3046 (lomes
438 2997 508 3059 quod
530 2997 551 3043 si
574 2994 698 3044 Dominus
727 2996 847 3044 Ricardas
875 2997 906 3042 de
929 2993 1073 3058 Seylrmnet
1100 2995 1228 3044 ‹loliannes
1253 2997 1380 3058 Goshelm,

326 3068 354 3110 et
383 3063 425 3110 atii
453 3061 497 3123 qui
526 3077 575 3108 nen
604 3066 665 3108 sunt
687 3061 718 3108 de
747 3061 844 3108 Diocesi
872 3061 1012 3120 limatensi,
1041 3059 1136 3121 aliquid
1164 3061 1314 3110 extorserint
1341 3063 1380 3111 vel

327 3129 423 3190 injuste
459 3126 571 3188 ceperint
608 3126 640 3173 dc
679 3125 822 3174 hominibus
861 3125 985 3188 Episcopi,
1023 3124 1117 3172 clericis
1150 3124 1209 3185 suis,
1245 3132 1271 3173 et
1310 3127 1381 3174 bonis

326 3193 388 3240 dicti
404 3191 527 3253 Episcopi,
540 3191 608 3253 quod
623 3191 654 3238 ad
670 3190 810 3252 predictum
831 3189 953 3238 Comitem
971 3189 1117 3252 pervenerit,
1130 3189 1195 3238 idem
1213 3189 1302 3238 (brues
1317 3191 1381 3240 illud

325 3259 392 3305 bona
411 3257 460 3305 lide
477 3256 601 3304 restituet.
637 3256 671 3303 Et
687 3256 708 3302 si
723 3255 788 3302 idern
805 3255 894 3303 Comes
909 3255 1055 3316 hujusmodi
1070 3259 1169 3302 extorta
1185 3269 1235 3302 non
1253 3257 1380 3318 receperit,

325 3323 426 3386 juvabit
439 3319 577 3368 Dominum
590 3319 748 3382 Episcopum,
767 3320 831 3368 bona
843 3319 899 3378 tide,
912 3320 979 3381 (praed
991 3320 1038 3366 sibi
1050 3335 1125 3380 strper
1137 3319 1183 3367 hoc
1195 3335 1207 3367 a
1220 3320 1293 3368 dictis
1306 3321 1379 3370 msle·

326 3387 463 3436 iactmibus
479 3385 587 3448 plenarie
606 3385 717 3433 satisfiet
764 3385 804 3432 Ita
821 3385 883 3442 (sic)
902 3385 957 3431 vult
975 3389 1001 3431 et
1020 3383 1134 3432 concedit
1149 3384 1274 3432 Dominus
1293 3387 1381 3435 Comes

326 3453 396 3515 quod
407 3451 491 3500 dictus
503 3449 627 3498 Dominus
642 3450 780 3512 Episcopus
792 3449 883 3498 hebeat
893 3448 991 3512 plenam
1006 3449 1200 3510 restitucionem,
1213 3451 1344 3513 seysirauu,
1356 3455 1383 3500 et

327 3516 507 3582 possessionem
524 3515 555 3563 de
578 3514 695 3562 omnibus
717 3513 875 3563 libertatibus
898 3517 925 3562 et
946 3513 1001 3562 aliis
1022 3529 1051 3562 su
1097 3513 1171 3562 dictis
1199 3515 1292 3577 quibus
1314 3515 1382 3566 idem

327 3581 466 3644 Episcopus
478 3585 505 3630 et
512 3580 552 3629 sui
561 3579 744 3642 predecessores
752 3579 791 3627 usi
798 3579 909 3637 fraenant,
919 3583 945 3626 et
954 3577 1047 3626 eisdem
1087 3593 1119 3627 ne
1129 3579 1189 3627 etin
1198 3595 1257 3642 pace
1265 3581 1381 3643 gaudest,

326 3647 393 3696 sicet
403 3645 546 3710 predictum
557 3644 697 3693 est-salvo
708 3644 789 3693 eidem
802 3643 896 3693 Comiti
906 3643 963 3706 jure
980 3659 1025 3692 suo
1040 3643 1061 3691 si
1072 3643 1130 3692 inde
1142 3643 1211 3706 loqui
1223 3645 1337 3706 voluerit,
1347 3645 1384 3696 ite

325 3711 395 3775 qaod
405 3711 518 3775 predicte
527 3709 709 3768 inviolabiliter,
721 3709 814 3772 absque
826 3708 1012 3772 impedimento,
1022 3708 1089 3757 dicto
1099 3708 1220 3771 Episcopo
1230 3717 1382 3772 remaneant,

326 3778 405 3826 donec
423 3776 567 3840 predictum
586 3774 712 3823 Comitem
732 3773 774 3835 jus
792 3773 909 3822 suumin
929 3773 1062 3835 premissis,
1078 3773 1098 3820 si
1117 3774 1185 3835 quod
1199 3773 1322 3836 hebuerit,
1339 3791 1384 3838 per

326 3843 404 3905 legale
414 3841 540 3905 judicium
553 3839 718 3887 disrecionare
726 3837 832 3902 eontiger
837 3839 865 3886 it.
900 3838 1056 3898 Premissam,
1066 3843 1159 3897 autem,
1170 3837 1384 3902 Composicicnem

326 3907 479 3956 Venerabilis
500 3907 584 3963 Pater,
605 3903 729 3952 Dominus
749 3903 955 3966 Archiepiseopus
982 3903 1167 3952 cantuariemis
1186 3903 1320 3966 predictus,
1339 3920 1384 3967 pro

326 3973 391 4021 bono
400 3973 466 4036 pacis
478 3972 548 4020 inter
555 3969 644 4018 Partes
652 3973 802 4016 memoratas
811 3969 907 4028 initam,
917 3969 949 4016 de
958 3967 1060 4016 oonsilio
1068 3973 1095 4016 et
1102 3983 1224 4016 consensu
1233 3969 1350 4016 Fratrum
1358 3975 1386 4017 et

327 4038 545 4102 coepiscoporum
566 4049 670 4082 suonam
682 4033 729 4080 sibi
750 4033 923 4094 assidencium,
936 4033 1052 4081 videlicet
1074 4031 1240 4080 Domincrum
1262 4031 1386 4081 iohannis

328 4103 513 4162 Londoniensis,
526 4099 632 4148 Walteri
643 4098 772 4158 Bcffsusis,
784 4098 875 4146 Auiani
886 4097 1039 4156 Assevemb,
1050 4097 1235 4159 Episcopus-um,
1248 4101 1275 4144 st
1284 4095 1386 4145 Domini

327 4169 425 4220 leberti
437 4167 522 4220 Electi
535 4161 713 4215 Bathoniensis
725 4168 751 4212 et
763 4163 899 4224 wellensis,
911 4162 1066 4226 approbarit,
1078 4161 1198 4218 laudavit,
1211 4159 1351 4218 ratificavit,
1361 4167 1388 4209 et

654 4304 662 4336 ¹
680 4307 722 4357 See
733 4272 864 4358 Sta—Allan.
