3252 4984
570 453 902 510 communen.
1235 433 1307 507 333

152 673 154 680 y
248 605 313 658 hanc
322 612 435 659 noeham
443 609 670 673 Ordinacionem,ai
681 609 743 674 quid
751 610 778 659 in
789 609 844 674 ipsa
854 609 962 660 dubium
973 609 1102 660 emerserit
1110 608 1149 660 vei
1160 608 1302 671 obscurum,

248 672 322 722 nohis
332 678 483 736 potestatem
494 674 631 738 plenariam
642 675 869 724 reservantes-In
881 690 990 738 quorum
1001 675 1115 724 omnium
1124 674 1300 724 testimonium

247 737 328 798 sigilla
335 743 421 787 nostra
429 739 589 788 Prsaentibus
597 739 717 789 duximus
725 739 1010 804 apponenda-Datum
1018 743 1045 788 et
1054 741 1147 789 Actum
1156 739 1182 788 in
1192 739 1302 790 Ecclesia

249 801 393 852 cathedrali
416 804 557 864 Exoniensi,
580 804 675 868 xviij⁰¹⁰
693 805 819 854 Kalendm
841 804 904 854 Julii
927 801 969 868 [14
992 804 1078 866 June],
1104 805 1178 854 Auno
1199 804 1303 854 Domini

250 867 382 916 Miliesimo
393 868 565 918 ducentesimo
576 869 727 932 octogesimo
739 873 835 933 quarto.

218 930 416 982 IL-Universis
455 939 565 982 recentes
582 933 678 983 Literna
697 935 847 997 inspecturis
866 933 905 982 vei
921 933 1046 983 audituris
1063 934 1150 984 Frater
1166 933 1301 994 Johsnnsa,

249 997 411 1111 narr
433 949 525 1112 lv
535 998 1302 1114 mmmm

251 1078 531 1192 compoeicidniffiper
546 1129 750 1190 augmentaciona
770 1080 866 1177 &icaria
886 1103 994 1178 Ecclesia
1005 1129 1037 1177 de
1054 1128 1209 1192 Herpeiorde
1220 1143 1303 1177 eoram

250 1191 355 1239 Oiiicisli
372 1197 465 1252 nostro,
478 1193 613 1242 Exouiensi
629 1193 738 1242 Ecclesia
749 1198 859 1253 vacante,
872 1193 958 1254 iactas,
970 1209 1014 1256 per
1025 1193 1133 1242 eundern
1145 1193 1212 1242 cons'
1262 1197 1302 1242 tas

251 1261 277 1304 et
293 1255 374 1318 sigilio
392 1257 557 1306 Officialitatia
576 1258 730 1318 Exoniensis,
748 1258 812 1307 Sede
830 1263 941 1317 vacante,
952 1257 1068 1320 signatae,
1080 1273 1131 1306 non
1149 1273 1195 1306 can
1257 1263 1303 1318 tas,

250 1335 301 1369 non
312 1321 424 1382 abolitas,
436 1322 476 1371 vei
486 1322 512 1370 iu
524 1323 608 1385 aliqua
620 1323 676 1385 ejus
688 1327 757 1385 parte
769 1323 878 1381 viciatas,
892 1323 1054 1386 inspeximus,
1066 1323 1114 1370 auh
1125 1323 1171 1372 hac
1182 1323 1305 1371 forma.-

251 1385 442 1436 Mamorandum
454 1387 529 1450 quod,
542 1403 600 1435 cum
612 1403 655 1450 per
672 1387 865 1450 inquisicionem
882 1387 908 1436 in
926 1388 1054 1436 Decsnatu
1066 1388 1098 1436 de
1110 1387 1244 1450 Aylesbere
1261 1403 1305 1450 per

250 1450 399 1513 Magistrum
427 1451 450 1502 J.
474 1453 506 1500 de
529 1451 651 1512 Penbrois,
674 1452 878 1501 commissarium
899 1459 1021 1510 nostrum,
1046 1451 1196 1500 alletoritate
1216 1455 1303 1500 nostra

250 1514 374 1577 legittime
385 1516 485 1576 iactam,
496 1520 654 1579 compertum
665 1521 730 1565 esest
741 1518 809 1578 quod
817 1517 914 1565 Viaaria
924 1517 1030 1565 Emissis
1041 1517 1073 1564 de
1084 1517 1239 1594 Harpeiorde
1250 1521 1304 1566 tam

249 1580 334 1628 uncie
350 1585 377 1630 et
387 1581 459 1630 exilis
473 1581 600 1641 existerat,
616 1585 718 1644 propter
735 1581 804 1642 quod
818 1581 909 1642 Adam,
926 1581 1040 1644 ejusdem
1056 1581 1164 1630 Eccleme
1180 1580 1301 1642 vicarius,

250 1643 448 1708 hospitalitatem
466 1651 543 1710 prout
558 1647 657 1694 deceret
672 1651 765 1706 tenere,
782 1661 810 1695 ac
826 1646 875 1695 aiis
891 1661 966 1694 onera
982 1645 1105 1694 ordinaria
1124 1645 1191 1694 dieta
1206 1644 1303 1694 Vicetia

249 1708 423 1759 incumbencis
444 1716 591 1774 supportare
613 1726 664 1760 non
686 1715 776 1773 posset,
798 1727 851 1770 nos,
875 1710 1006 1787 Philippus
1028 1711 1059 1759 de
1081 1710 1174 1760 Sancto
1189 1709 1303 1771 Austolo,

251 1774 368 1824 Officioiis
391 1775 530 1825 Reverendi
557 1775 646 1836 Patris,
670 1775 773 1824 Domini
795 1775 980 1826 (lantum-lensia
1002 1774 1193 1838 Archispiscopi,
1221 1774 1304 1824 tecim

249 1838 339 1902 Angiie
355 1839 479 1902 Primatia,
495 1841 522 1889 in
542 1840 651 1890 Ciuitate
668 1844 695 1889 et
709 1840 807 1889 Dioceai
825 1840 926 1902 Excnie,
944 1840 1008 1890 Sede
1025 1845 1136 1900 vacante,
1153 1855 1185 1888 ax
1202 1839 1303 1953 officiali

250 1907 375 1966 potestate
385 1905 554 1954 nohiaadictc
566 1905 674 1954 Domino
686 1905 712 1954 in
723 1906 769 1954 hac
777 1909 848 1968 parte
859 1905 997 1965 commissa,
1009 1904 1090 1954 Officii
1100 1903 1180 1954 nostri
1188 1904 1220 1953 de
1238 1903 1304 1954 'tum

250 1975 460 2084 narrari
481 1969 711 2085 illiti-³⁰³¹
738 1970 1032 2084 Vi'it‘tiffliiit
1040 1969 1159 2083 ¹135,
1184 1969 1302 2082 iiii

249 2097 323 2158 dicte,
341 2049 746 2178 ffdiemufflumssmiffi
762 2051 818 2162 phet
835 2049 942 2148 Egstrirrei
957 2049 1218 2160 Boeffirfflohnfflasnoe
1229 2049 1302 2176 git]

250 2161 277 2210 in
295 2163 385 2226 Maiori
402 2165 511 2214 Ecclesia
528 2164 669 2225 Examensi,
689 2179 772 2213 coram
789 2163 861 2214 nobis
882 2165 909 2212 in
930 2163 1054 2228 judicium
1076 2163 1182 2212 iacimus
1199 2178 1302 2224 evocari,

249 2227 367 2290 raciones,
378 2229 400 2278 si
411 2245 473 2294 quas
485 2229 595 2286 haberet,
607 2245 685 2293 quare
696 2229 783 2278 Porcio
794 2229 855 2278 dicti
867 2229 958 2278 Viearii
970 2229 1127 2291 augmentari
1138 2243 1188 2276 non
1199 2228 1303 2277 deberet

250 2294 342 2356 precise
351 2299 377 2342 et
385 2295 551 2357 peremptoria
559 2299 726 2343 ostensurum.
759 2295 814 2353 Quo
822 2293 863 2342 die
871 2293 945 2343 dictis
954 2293 1039 2342 Priore
1047 2297 1074 2342 et
1082 2293 1180 2342 Vrcsrio
1188 2307 1302 2356 persona·

249 2357 306 2406 liter
323 2358 348 2406 in
365 2359 460 2422 judicio
476 2359 678 2422 comparentibus
694 2373 777 2407 coram
793 2358 871 2420 nobis,
889 2359 976 2407 eedem
993 2358 1079 2406 Partes
1096 2371 1183 2421 pacem
1198 2357 1266 2406 inter
1276 2371 1303 2407 ee

249 2423 377 2472 roiormari
395 2424 481 2486 pocius
500 2423 635 2487 cupientes,
654 2437 730 2486 quam
750 2439 825 2486 super
842 2423 1047 2486 augmentaeione
1068 2422 1136 2472 dicte
1152 2421 1248 2472 vicaria
1270 2437 1302 2471 ex

249 2487 335 2536 Officio
353 2489 431 2537 nostri
448 2489 534 2538 debito
551 2489 709 2537 Sentenciam
727 2493 864 2550 expectare,
877 2488 962 2536 amicis
973 2487 1149 2536 communibus
1166 2487 1300 2536 interveni·

248 2553 349 2600 entibus
361 2569 405 2615 pro
417 2554 482 2602 bono
493 2554 567 2616 pacis,
579 2553 645 2602 inter
656 2569 682 2602 ss
694 2557 888 2615 composuerunt
898 2552 1061 2601 amicabiliter
1071 2551 1098 2600 in
1110 2551 1177 2600 hunc
1188 2551 1300 2612 modum,

248 2617 403 2677 -videiicet,
420 2619 489 2681 quod
505 2619 588 2666 dictus
605 2618 718 2666 Vicarius
736 2618 826 2666 habeat
841 2617 937 2666 Vinaria
954 2617 1054 2665 nomine
1071 2621 1199 2680 perpetuo,
1216 2621 1302 2666 totum

248 2681 388 2744 aitilagium
404 2683 471 2732 dicte
489 2683 597 2732 Ecclesia
613 2683 644 2731 de
662 2683 816 2744 Herpeiorde
833 2687 859 2730 et
876 2681 976 2745 (inpelle
992 2681 1024 2730 de
1041 2682 1171 2745 Eenotery,
1183 2685 1303 2730 ettotam

248 2745 370 2794 <laciniam
386 2748 520 2810 garbarum
533 2747 558 2796 in
570 2747 691 2796 Orientali
708 2753 778 2810 parte
795 2747 862 2796 bosci
880 2747 982 2796 Domini
993 2747 1024 2794 da
1036 2745 1197 2810 Herpeiorde,
1210 2745 1302 2796 seilicet

248 2809 370 2860 decimam
382 2813 463 2861 tocius
474 2812 539 2861 Viile
550 2813 582 2860 de
594 2812 755 2875 Boghewode,
763 2827 821 2860 oum
831 2811 927 2860 decima
935 2812 1015 2860 tocius
1027 2811 1092 2860 Villa
1100 2811 1132 2858 de
1140 2810 1303 2872 Stovveiorda,

247 2880 274 2924 et
289 2891 348 2924 eum
359 2877 484 2926 dominico
496 2877 597 2926 Domini
608 2893 639 2925 ex
656 2877 743 2925 eadem
760 2881 831 2939 parts
848 2877 932 2937 bosai;
952 2877 987 2924 ita
1004 2876 1073 2939 quod
1089 2875 1173 2924 dietus
1189 2875 1302 2924 Vicarius

247 2941 337 2988 amodo
353 2957 404 2990 non
421 2941 541 3005 pereipiat
552 2958 566 2990 a
577 2941 645 2990 dicto
662 2941 745 2991 Priora
762 2951 872 3004 quatuor
889 2956 982 2990 marcas
998 2955 1061 3004 quas
1077 2939 1109 2988 ab
1125 2956 1154 2988 eo
1166 2940 1190 2987 iu
1205 2943 1301 3002 partem

248 3004 343 3054 Vicarie
362 3021 407 3055 sue
423 3007 555 3056 annuatim
570 3007 695 3069 percipere
713 3007 859 3066 consuevit;
883 3005 974 3066 dictus,
994 3005 1079 3064 eciam,
1099 3003 1212 3054 vicarius
1228 3003 1303 3053 dictis

248 3069 355 3146 Ecclesia
362 3075 389 3120 et
396 3071 495 3134 (lapelle
507 3071 618 3148 honesta
628 3085 696 3146 more
708 3071 789 3130 solito,
799 3076 826 3119 et
833 3071 919 3148 debite
930 3069 1005 3118 faciet
1016 3069 1141 3146 deserviri,
1153 3068 1300 3146 onenavordi·

246 3136 568 3263 limittit&
573 3134 1223 3263 tmilttiilliltdttitiisiitt
1228 3147 1302 3248 cli?

245 3263 395 3325 posicionem
407 3265 549 3330 infringere,
558 3265 619 3328 quin
627 3265 712 3328 pocius
724 3265 820 3313 fraudis
827 3264 957 3314 materiam
963 3268 1101 3328 amputare,
1113 3263 1218 3312 eandem
1227 3263 1300 3312 (iom-

244 3329 394 3390 poeicionem
401 3334 481 3379 ratam
488 3329 609 3379 habentes
619 3329 710 3394 pariter
718 3333 744 3378 et
752 3333 885 3392 acceptam,
895 3329 982 3392 ipsam,
991 3327 1141 3378 auctoritate
1157 3343 1207 3391 qua
1218 3327 1301 3391 iungi·

245 3407 302 3441 mur
313 3394 339 3442 in
351 3393 397 3443 hac
414 3401 491 3457 parte,
509 3399 595 3443 tenore
612 3393 771 3443 Presencium
788 3393 972 3454 confirmamus,
984 3397 1011 3441 et
1022 3393 1088 3442 inter
1100 3393 1193 3454 Partes,
1205 3395 1236 3441 ut
1246 3407 1300 3456 pre·

244 3458 364 3520 mittitur,
376 3459 429 3508 iore
446 3459 632 3524 exsequendam
643 3459 751 3508 finaliter
762 3458 1032 3522 pronunciamus-in
1043 3457 1118 3521 cujus
1134 3457 1170 3506 rei
1186 3457 1299 3507 testimo·

244 3522 315 3572 nium
327 3523 437 3586 sigilium
447 3525 611 3574 officialitatis
620 3523 776 3584 tironiensis,
785 3524 849 3572 Sede
860 3529 968 3584 vacante,
978 3528 1016 3571 est
1023 3521 1299 3586 appensum—Datum

244 3587 346 3646 Exonie,
356 3589 397 3636 die
406 3590 476 3638 Jovis
488 3589 602 3652 proxima
655 3589 781 3637 tEestum
793 3588 879 3637 Sancti
887 3587 1013 3637 hiiehaslis
1025 3587 1173 3650 Archangeli
1185 3585 1211 3648 [8
1224 3583 1299 3649 Octl,

242 3652 317 3701 Anno
329 3653 431 3702 Domini
443 3654 606 3703 hiiiiesimoG
629 3659 662 3686 ¹²¹⁰
678 3653 835 3715 octogesimo.
870 3653 929 3712 Noa,
944 3669 1002 3701 vero
1003 3685 1155 3712 .......
1174 3651 1299 3714 quocirca

242 3717 353 3778 predicte
362 3717 457 3766 Vinaria
466 3717 697 3780 augmentscionem
708 3723 764 3766 actu
775 3723 837 3767 sunt
847 3722 919 3780 grata
926 3717 1046 3766 hahentes
1055 3717 1147 3780 pariter
1156 3721 1182 3764 et
1189 3721 1296 3778 accepta,

242 3779 295 3842 ipsa
317 3783 467 3831 auctoritate
490 3783 683 3845 Metropolitum
699 3781 895 3840 confirmamus;
925 3787 958 3839 st,
979 3787 1010 3830 ut
1027 3781 1200 3844 plenissimum
1222 3781 1299 3828 robur

241 3845 368 3895 firmitatis
390 3847 529 3910 optineant,
549 3846 625 3911 sigilli
645 3847 725 3896 nostri
747 3847 908 3910 impressione
933 3846 1207 3905 munimem-Datum,
1230 3844 1298 3907 apud

241 3909 441 3975 Suthmallyage,
459 3913 495 3976 iiij
514 3912 576 3962 Idus
592 3911 702 3975 Augusti
719 3911 761 3972 [10
779 3911 862 3974 Aug.],
883 3913 957 3960 Anno
974 3910 1077 3960 Domini
1094 3909 1226 3958 Milleaimo
1244 3908 1298 3959 00⁰

240 3976 391 4038 octogesimo
408 3977 496 4039 primo,
514 3983 540 4025 et
558 3976 758 4026 consecracionis
774 3982 860 4025 nostre
876 3977 960 4025 tercio.

193 4037 404 4090 111.-Univarsis
413 4043 504 4091 Sancte
510 4041 597 4090 Matris
602 4041 709 4090 Ecclesia
719 4040 775 4090 liliis
784 4045 911 4103 presentes
920 4041 1016 4089 Literas
1024 4038 1173 4114 inspecturis
1180 4037 1219 4087 vel
1226 4036 1296 4087 audi·

240 4106 305 4154 turis
317 4107 469 4156 Edmundue
485 4106 580 4170 [lancyl.
597 4105 757 4154 miseracione
769 4105 859 4154 Divina
872 4105 1017 4153 Exoniansis
1030 4105 1174 4166 Episcopus,
1186 4103 1295 4151 alutem

240 4169 267 4218 in
278 4171 391 4220 omnium
403 4171 538 4232 salvatore,
550 4175 577 4220 et
587 4169 663 4219 fidem
674 4170 805 4219 indubiam
815 4169 975 4218 Prssentihus
986 4167 1295 4217 adiiibsri-Univarsits-

240 4233 274 4282 tie
291 4241 373 4284 vestre
389 4237 481 4286 noticia
496 4235 588 4285 deduci
603 4235 727 4294 volumus,
739 4235 815 4298 quud,
830 4235 942 4294 inspecto
960 4234 1073 4296 Registm
1093 4233 1158 4280 bons
1175 4231 1296 4280 memorie

242 4297 343 4354 Domini
356 4301 460 4354 Walteri
474 4301 559 4365 Primi,
571 4299 752 4352 Proderaseoria
764 4299 851 4361 noemi,
862 4297 1004 4350 invenimus
1015 4299 1042 4350 in
1053 4313 1082 4347 eo
1093 4296 1216 4348 contineri
1226 4295 1297 4361 quod
