3304 4978
341 337 414 413 242
565 363 707 418 manos
736 342 1041 420 ssousecouen’s
1071 365 1265 420 ancienne.

343 506 391 574 St.
407 508 736 578 Allen-continued.

442 597 542 660 publica
551 603 579 648 et
586 598 875 663 sollempnitarnunciari
887 599 990 649 faciatis.
1015 600 1118 660 Quodsi
1129 615 1180 650 ncn
1190 615 1277 651 omnes
1287 599 1337 650 hiis
1344 595 1500 662 exequendis

443 663 576 726 potueritis
597 663 723 726 nunna,
740 679 792 722 roa,
814 664 1004 723 FiliOfficislia,
1024 681 1187 716 cumeorum
1208 667 1294 726 altero,
1314 665 1435 730 premissa
1456 677 1500 711 ex·

441 727 575 790 equamini.
609 729 705 778 Datum
716 727 758 792 [ut
768 725 864 792 napra],
876 729 1074 779 Ocnseeraeionis
1086 735 1172 780 nostro
1184 731 1259 780 Anno
1270 731 1375 793 xviij'03
1392 730 1430 778 62

412 789 542 842 Universis
557 797 684 856 praenites
702 793 797 842 literas
813 793 963 856 inspecturis
981 795 1121 844 willelmus
1137 797 1169 845 de
1185 796 1284 856 Alneto,
1298 795 1376 856 lliles,
1388 793 1498 842 salutern

444 856 472 906 in
490 857 746 908 Domino-Noverit
764 857 920 908 Universitas
939 864 1022 910 vestra
1040 861 1109 924 quod
1128 876 1180 924 ego,
1200 876 1260 910 sano
1276 861 1368 910 ductus
1387 857 1498 916 consilio,

445 925 544 972 reatum
560 922 750 986 conspiracionis
760 938 838 986 quam
848 929 935 973 eontra
945 925 1118 975 Venesnbilem
1136 926 1243 986 Patrem,
1255 925 1394 975 Dominum
1405 921 1498 972 llxoni-

446 1002 531 1036 ensem
548 987 707 1052 Episcopum,
719 992 746 1038 et
756 987 892 1038 Ecclesiam
903 1003 982 1051 suem,
993 1005 1022 1038 ac
1032 1005 1097 1051 suos,
1109 1005 1160 1039 una
1170 1005 1229 1040 cum
1240 989 1391 1054 quibusdam
1403 987 1457 1036 aliia
1468 987 1501 1034 de

447 1051 576 1102 comitatu
599 1053 725 1103 cornubie
750 1053 806 1113 ieci,
829 1057 857 1102 et
878 1055 946 1116 quod
968 1069 1026 1104 cum
1048 1055 1199 1118 quibusdam
1224 1055 1372 1103 anctoritate
1395 1050 1499 1101 Domini

447 1116 633 1167 Cantuariensis
644 1117 830 1181 Archiepiscopi
841 1119 1062 1168 excommunicatis
1078 1120 1265 1180 communicavi,
1275 1119 1405 1168 humiliter
1415 1131 1499 1178 recog·

447 1197 529 1244 nosco,
541 1187 567 1232 et
583 1182 737 1232 Beneficium
748 1183 919 1233 Absolucionia
935 1183 1059 1234 instanter
1069 1190 1097 1234 et
1106 1185 1197 1234 devote
1207 1189 1266 1248 peto
1279 1201 1285 1233 :
1301 1200 1337 1244 ac,
1349 1182 1499 1245 condignam

446 1247 643 1298 satisfaccionem
654 1248 766 1309 offerens,
777 1247 852 1297 nona
863 1248 1030 1298 Samcaanctis
1041 1249 1189 1313 Evangeliis,
1201 1249 1259 1313 juso
1269 1250 1338 1312 quod
1348 1247 1415 1297 inire
1424 1259 1499 1310 prox-

446 1311 498 1362 imo
508 1317 646 1363 venturum
657 1313 761 1362 Festum
773 1313 859 1363 Sancti
870 1313 969 1362 Andree
980 1313 1095 1377 Apostoli
1105 1329 1180 1377 super
1190 1319 1262 1363 rectu
1273 1311 1463 1377 conspiracionia
1474 1315 1503 1359 et

447 1378 622 1428 communione
636 1378 754 1440 predictis
768 1378 822 1427 Dec
838 1383 866 1427 et
882 1378 998 1435 holande,
1014 1395 1043 1428 ac
1058 1379 1180 1443 Episcopo
1196 1377 1500 1438 memorato,aatislaciam

447 1443 825 1571 limandis&
835 1441 1499 1570 namnetensem

446 1575 541 1622 extunc
556 1573 679 1632 retrudor,
691 1588 736 1622 aeu
751 1573 806 1636 ipso
821 1571 889 1622 iacto
899 1573 948 1622 sim
958 1577 1072 1623 retrusus
1082 1579 1110 1624 et
1119 1574 1285 1637 ligntara-ln
1295 1571 1369 1638 cujus
1379 1573 1416 1621 rei
1426 1570 1498 1619 teati-

445 1635 1497 1768 sltnfflnlffl&demittentis

700 1739 706 1764 i
1325 1736 1332 1762 Ι
1422 1736 1428 1759 Ι
1493 1733 1501 1748 ”

391 1761 508 1830 latera
530 1765 650 1832 ilonea
671 1766 712 1831 de
734 1766 916 1844 donacio,-

414 1852 538 1902 Noverint
554 1853 671 1904 Universi
687 1853 782 1904 cumei
798 1853 895 1903 Fideles
911 1853 980 1918 quod
996 1869 1055 1904 cum
1071 1869 1123 1918 ego,
1140 1853 1249 1904 Thomas
1265 1855 1297 1904 da
1308 1853 1406 1912 cmm,
1417 1851 1499 1912 llilea,

446 1917 566 1968 violencie
577 1923 604 1968 et
614 1918 815 1968 dehonestacioni
824 1918 970 1968 Presbiteria
981 1923 1008 1969 et
1019 1919 1121 1970 clericis
1137 1920 1205 1984 apud
1222 1919 1338 1983 Gargani,
1350 1917 1499 1968 Exoniensis

446 1981 565 2045 Diocesis,
588 1983 709 2048 injuriose
730 1987 757 2032 et
778 1983 900 2032 violenter
920 1983 997 2032 illatis
1018 1984 1196 2042 interminum,
1214 1999 1288 2049 opem
1315 1983 1445 2033 audaciam
1472 1985 1500 2030 et

446 2048 579 2098 consilium
596 2047 650 2098 eliis
666 2048 775 2098 merlus
791 2048 954 2111 delinquendi
971 2048 1147 2110 adhibuissem,
1158 2049 1207 2098 hiis
1223 2065 1274 2099 non
1290 2052 1425 2098 contentus
1441 2061 1499 2096 con·

447 2113 579 2177 apiraeioni
589 2113 655 2162 facte
673 2117 761 2163 contra
778 2113 896 2164 Sanctam
912 2113 1049 2164 Ecclesiam
1059 2113 1268 2164 etVenerabilem
1279 2113 1381 2163 Patrem
1391 2111 1498 2161 Walter-

446 2193 500 2240 um,
519 2179 568 2228 Dei
587 2178 676 2228 Gracia
701 2177 867 2230 Exoniensem
890 2177 1049 2242 Episcopum,
1066 2179 1093 2228 in
1114 2180 1171 2243 ejus
1189 2193 1264 2242 grave
1281 2177 1450 2242 prejudicium
1473 2181 1501 2225 et

445 2243 617 2293 Ecclesiastico
624 2243 749 2292 libertatis
759 2242 885 2303 lesionem,
897 2244 996 2306 proprie
1006 2243 1095 2292 salutis
1111 2243 1249 2306 imemor,
1261 2243 1386 2292 maliciose
1397 2257 1500 2291 wosen-

445 2309 540 2369 aiasem,
557 2308 655 2371 aliaque
674 2308 783 2370 dampna
800 2307 884 2370 grevia
899 2311 926 2357 et
945 2308 1056 2357 enormia
1071 2309 1192 2368 fecissem,
1203 2313 1306 2372 propter
1322 2323 1372 2371 que
1391 2321 1442 2356 non
1461 2311 1502 2356 eet

446 2373 553 2423 dubium
564 2373 591 2422 in
602 2371 734 2422 Sentencia
741 2370 843 2435 Majoris
854 2371 1127 2422 Exccmmunicaeionia
1137 2373 1214 2422 incidi
1225 2373 1279 2436 ipso
1290 2373 1357 2422 iacto
1369 2387 1376 2432 ;
1387 2373 1501 2432 demum,

445 2437 504 2488 filiis
520 2438 587 2502 pacis
603 2435 827 2486 intervenientibus
838 2441 864 2484 et
874 2436 982 2486 salutem
993 2451 1075 2486 meam
1086 2438 1285 2502 procurantibus,
1297 2437 1330 2486 ad
1341 2437 1501 2498 corrediens,

445 2503 628 2616 s'tslllle
650 2500 1503 2630 ⁶3mffin⁰sssdffifflffusiffle=sinterani

445 2633 557 2694 predicto
573 2604 642 2680 Patri
664 2630 801 2691 solvendas,
818 2603 1051 2694 secundum'ipsius
1067 2631 1150 2680 Patris
1171 2631 1362 2691 ordinacionem,
1385 2630 1503 2679 terminia

445 2697 593 2757 statuendis,
609 2696 697 2745 ecdem
715 2695 858 2758 juramento
875 2695 953 2758 gratia
969 2695 1094 2744 affirmans
1113 2697 1183 2760 quod
1200 2697 1232 2746 de
1254 2701 1336 2745 cetero
1352 2695 1503 2758 hujusmodi

446 2761 577 2810 violenciaa
605 2775 649 2810 seu
676 2759 782 2823 injurias
803 2759 843 2808 vel
864 2774 1027 2822 quaecunque
1048 2760 1109 2810 alias
1125 2769 1210 2810 contra
1226 2760 1362 2810 Ecclesiam
1385 2775 1429 2808 seu
1453 2759 1503 2808 Ee·

445 2825 592 2875 clesiasticaa
608 2825 737 2886 Personas,
754 2823 802 2872 nisi
823 2839 882 2873 curn
900 2825 1069 2874 modeiamine
1093 2825 1220 2888 inculpate
1235 2826 1317 2874 tutele
1333 2839 1374 2874 me
1396 2824 1504 2873 deiend-

445 2891 518 2950 endo,
529 2905 580 2938 non
600 2888 763 2948 committam,
781 2893 809 2936 et
825 2888 872 2937 hoc
888 2889 935 2937 sub
951 2905 1016 2952 pena
1032 2891 1198 2953 quadraginta
1213 2889 1342 2949 librarum,
1358 2890 1503 2938 secundum

444 2955 628 3004 ordinacionem
640 2953 745 3016 predicti
760 2952 850 3015 Patris,
861 2952 927 3002 inira
942 2967 1054 3004 manaem
1070 2961 1204 3018 postquam
1220 2969 1296 3018 super
1312 2955 1360 3004 hiis
1371 2954 1506 3002 convictus

445 3018 517 3067 fuero
539 3019 720 3068 solvendarum.
776 3017 817 3066 Ad
840 3033 890 3081 que
911 3018 995 3067 omnia
1016 3019 1136 3082 premissa
1157 3019 1266 3083 plenarie
1287 3019 1436 3083 complenda
1457 3034 1505 3082 per

446 3083 543 3132 dictum
562 3083 735 3146 juramentum
754 3096 840 3130 meum
858 3082 940 3146 obligo
957 3097 998 3132 me
1015 3087 1043 3132 et
1061 3084 1179 3147 astringo.
1215 3085 1251 3134 Et
1270 3085 1292 3134 si
1311 3083 1438 3148 premissa,
1461 3084 1505 3132 vel

445 3147 529 3211 eliqua
541 3147 724 3211 premissorum,
735 3161 786 3194 non
797 3146 965 3208 observavero,
976 3147 1033 3197 volo
1048 3151 1075 3198 et
1089 3149 1197 3202 concedo
1208 3151 1276 3212 quod
1288 3149 1416 3212 predictus
1428 3149 1507 3197 Pater

446 3213 473 3260 in
490 3213 620 3275 pristinam
632 3211 904 3260 Excommuniceeionia
924 3212 1089 3273 Sentenciam,
1102 3213 1154 3262 sols
1164 3214 1304 3263 monicione
1315 3214 1435 3278 premissa
1446 3213 1503 3262 sine

445 3277 529 3340 eliqua
544 3277 570 3325 in
587 3277 630 3340 jus
646 3275 783 3336 vocacione,
800 3290 841 3324 me
859 3276 981 3336 retrudat,
998 3281 1025 3325 et
1041 3277 1076 3325 sic
1092 3279 1339 3328 excommunicatum
1355 3277 1504 3327 denunciari

445 3341 544 3404 publice
563 3341 645 3400 iaciat,
663 3352 795 3402 quousque
813 3341 846 3388 de
865 3339 982 3403 predictis
998 3341 1115 3390 omnibus
1132 3343 1164 3391 sd
1183 3343 1288 3406 plenum
1303 3357 1405 3420 parma
1421 3343 1505 3392 fuerit

445 3406 601 3454 satisfactum
615 3421 621 3464 ;
638 3405 787 3452 renuncians
797 3419 873 3466 snper
888 3404 937 3452 hiis
948 3405 1065 3454 omnibns
1075 3407 1145 3456 omni
1156 3408 1317 3468 cavillacionr,
1329 3407 1502 3472 appellscioni,

444 3469 556 3532 Epistola
568 3469 627 3518 Divi
638 3468 741 3516 Adriani
758 3469 906 3531 exeepcioni,
918 3469 993 3532 Regia
1004 3470 1178 3534 Prohibioioni,
1196 3473 1328 3536 Privilegio
1340 3471 1503 3535 crucesigna-

444 3535 479 3582 tis
506 3533 614 3591 indulto,
631 3535 658 3580 et
678 3531 810 3595 utriusque
833 3532 903 3581 Juris
928 3533 1077 3597 cuicumque
1098 3537 1216 3597 remedio,
1233 3553 1279 3600 par
1305 3553 1355 3600 que
1380 3537 1503 3600 premisso

444 3601 547 3660 possent
557 3595 672 3659 impediri
683 3611 728 3644 seu
739 3611 899 3660 quocumque
907 3598 1185 3650 modoretardari.-ln
1193 3602 1267 3665 cujus
1279 3601 1314 3650 rei
1325 3601 1503 3650 testimonium

445 3661 607 3709 Presentibna
618 3659 727 3722 sigillum
743 3675 830 3710 meum
846 3661 964 3724 apposui3
982 3661 1030 3711 hiis
1046 3663 1309 3715 Testibus-Domino
1321 3666 1456 3728 deulpho
1467 3667 1502 3715 de

444 3725 589 3782 Arundelle,
603 3723 692 3780 Milite,
702 3724 811 3773 Domino
820 3726 927 3789 Hugcne
938 3727 970 3775 de
982 3727 1140 3791 Plymptone,
1149 3730 1166 3778 J
1167 3730 1265 3778 channe
1274 3731 1297 3779 le
1307 3731 1501 3793 Chamberlayn,

444 3789 549 3837 Ricardo
560 3790 592 3837 de
603 3787 745 3849 Derteiord,
762 3789 857 3851 clerico,
874 3791 970 3840 Thema
981 3791 1013 3839 de
1024 3791 1142 3842 'Itemille
1158 3795 1253 3854 clerico,
1271 3795 1375 3856 Thema,
1394 3793 1503 3844 Rectore

443 3852 552 3901 Ecclesia
567 3852 599 3900 de
615 3853 753 3914 Boconnoc,
770 3853 866 3916 Rogero
883 3856 915 3904 de
931 3855 953 3904 G
991 3855 1056 3916 ',et
1070 3857 1264 3908 aliis—Actum
1281 3865 1308 3909 et
1319 3860 1414 3908 Datum
1432 3861 1503 3922 apud

442 3915 943 3984 Tytinge,xvKalendasJunii[18lday],
968 3920 1503 3988 anonominineccalxxo.quint0;¹cn⁰.

343 3997 1503 4022 Q

345 4034 352 4066 ¹
372 4039 433 4090 This
445 4043 532 4091 letter
542 4043 563 4090 is
574 4041 689 4090 followed
702 4042 737 4106 by
748 4044 859 4095 aLetter
870 4047 897 4095 oi
978 4061 1019 4094 cae
1035 4045 1099 4095 bone
1111 4053 1138 4096 et
1148 4049 1234 4113 legalis
1247 4057 1355 4111 monete,
1368 4052 1393 4100 in
1407 4051 1502 4114 quibua

376 4105 607 4169 aelnowledgment
623 4120 656 4153 cn
672 4105 717 4154 the
733 4113 792 4169 part
807 4110 834 4158 cl
850 4111 895 4159 the
978 4111 1049 4158 nobis
1066 4112 1191 4174 obligatus
1208 4116 1304 4177 extitit,
1321 4133 1366 4180 pro
1383 4117 1502 4179 dampnis

376 4165 895 4245 Bishop,datedcnthesamedsy-“Nos
976 4179 1003 4224 et
1019 4179 1257 4238 transgressionibus
1274 4181 1347 4230 nobis
1363 4187 1390 4229 et
1407 4181 1504 4229 clericis

376 4229 894 4308 habuisseetreceprsaeaDominc'l'homa
976 4239 1068 4288 nostris
1084 4239 1112 4288 in
1128 4242 1294 4306 disaipncicne
1306 4246 1378 4296 Parni
1394 4246 1426 4294 de
1438 4246 1502 4296 Gar·

375 4294 408 4343 de
419 4295 517 4358 cancia,
529 4297 617 4360 llilite,
628 4297 813 4364 quinquaginta
828 4317 892 4354 mar·
975 4303 1031 4366 gnol
1042 4304 1142 4356 dudum
1151 4307 1254 4362 illatia.''
1286 4303 1288 4307 ⁴
