3304 4978
320 339 392 418 236
565 363 700 420 annor
715 341 1021 420 nsosrseouaa's
1037 365 1231 424 numerus

320 521 434 601 Rome,
450 519 554 588 Oourt
569 519 834 595 oi-eontinued.

385 633 570 694 masadam,
587 633 655 697 apud
672 632 817 698 Horsleghe,
834 633 876 682 die
893 632 978 684 Sancti
995 633 1108 698 Gregorii
1124 634 1168 696 [12
1179 633 1282 695 MarohJ,
1299 633 1378 683 exivit
1388 633 1428 682 W.
1441 633 1476 682 de

417 699 524 762 (lapella,
541 703 568 748 et
584 698 658 748 rediit
674 699 701 747 in
717 699 808 762 Vigilia
829 698 1039 748 Annunciacionis
1056 699 1186 749 Dominice
1202 698 1245 763 [24
1263 699 1472 761 Metabi-apud

418 764 517 824 Forde;
533 768 561 812 et
577 764 679 812 interim
698 762 788 812 habuit
799 764 827 813 R.
849 764 880 812 de
899 765 1035 828 Honytone
1053 765 1266 827 Procuracionem,
1278 769 1304 813 et
1320 768 1474 828 potestatem

418 828 562 878 conterendi
573 827 696 878 Beneficia
704 827 821 878 vacanda
832 828 858 876 in
869 829 943 878 Curia
958 844 965 888 ς
981 828 1040 878 ibid

385 895 459 944 Anno
481 899 508 944 et
529 893 583 942 loco
605 893 730 956 predictis,
753 893 788 957 xij
813 893 940 942 Kalendas
961 893 1033 943 lunii
1055 893 1096 955 [21
1120 894 1186 959 May,
1208 895 1331 944 lael-in
1348 893 1474 953 Isondonl,

416 959 541 1009 Dominus
553 958 690 1021 Episcopus
709 958 960 1021 oencemitliagistro
978 959 1006 1008 Β.
1025 960 1057 1008 de
1077 960 1195 1008 Dardano
1213 959 1426 1018 procuracionem,
1446 963 1474 1006 et

418 1028 570 1088 potestatem
586 1023 738 1084 conterendi,
755 1038 800 1086 per
817 1039 844 1072 se
863 1023 903 1072 vel
919 1023 1065 1087 paralium,
1085 1025 1200 1073 racancia
1217 1025 1382 1074 Beneficiaad
1394 1023 1475 1072 Colla-

418 1089 515 1138 cionam
534 1087 635 1137 Domini
651 1087 798 1151 spontaneis,
809 1088 836 1136 in
848 1087 924 1138 Curia
936 1089 1054 1148 Romana,
1066 1089 1128 1137 dum
1145 1089 1180 1138 ibi
1196 1089 1281 1149 fuerit,
1293 1105 1344 1138 non
1355 1089 1475 1136 obstante

418 1153 499 1218 priore
511 1152 691 1203 commissione
701 1153 769 1202 iacta
778 1157 837 1207 nost
847 1153 903 1216 ejus
914 1169 1039 1202 recusum
1050 1153 1227 1203 nichilominus
1238 1154 1346 1203 valitura
1357 1169 1364 1214 ;
1382 1155 1419 1202 18.

387 1219 469 1279 Anno,
480 1219 528 1278 dia,
540 1223 567 1268 et
577 1218 631 1267 loco
642 1217 767 1281 predictis,
776 1217 844 1266 idem
853 1217 972 1280 Magister
979 1219 1007 1267 Β.
1016 1219 1109 1281 recepit
1117 1219 1213 1268 Literas
1225 1219 1257 1268 od
1267 1219 1437 1282 recipiendum
1449 1217 1476 1266 in

419 1283 494 1334 Curia
510 1285 623 1333 Romana
647 1288 750 1332 centum
774 1298 869 1331 marcas
885 1283 980 1332 solutas
997 1283 1149 1338 Londoniis:
1169 1284 1237 1345 item,
1255 1284 1315 1333 alias
1332 1284 1361 1334 (l.
1379 1299 1476 1332 mareas

418 1349 520 1408 ibidem,
531 1349 632 1398 nomine
644 1347 729 1396 mutui
740 1347 876 1396 Londoniis
887 1347 960 1408 facti3
977 1347 1036 1398 iata

385 1415 467 1473 Anno,
482 1414 530 1474 die,
542 1419 568 1462 et
579 1413 632 1462 loeo
643 1412 768 1476 predictis,
780 1413 848 1461 idem
857 1413 976 1473 Magister
984 1413 1013 1460 Β.
1021 1413 1115 1477 recepit
1123 1417 1283 1476 potestatem,
1295 1429 1339 1476 per
1350 1413 1472 1462 Patentes

418 1480 514 1528 Literas
531 1477 640 1538 Domini,
652 1477 815 1526 contrahendi
831 1482 952 1527 mutuum
968 1477 1152 1541 quinquaginta
1162 1493 1302 1527 marcarum
1312 1479 1339 1526 in
1352 1478 1433 1536 curia
1445 1482 1474 1526 ct

416 1543 620 1594 Procumcionem
632 1543 664 1591 ad
675 1541 863 1605 impetrandum
870 1547 897 1590 et
904 1543 1124 1592 contradicendum
1135 1558 1142 1602 ς
1158 1543 1228 1604 item,
1235 1543 1267 1592 ad
1275 1543 1475 1606 componendum

416 1608 517 1658 nomine
534 1607 636 1657 Domini
653 1606 769 1669 Episcopi
785 1607 812 1656 in
830 1607 916 1656 Germia
933 1607 1055 1656 Jobennis
1073 1609 1106 1656 de
1123 1607 1259 1658 camerano
1277 1613 1304 1657 et
1321 1644 1327 1658 .
1346 1645 1352 1658 .
1371 1644 1377 1658 .
1395 1644 1401 1657 .
1420 1607 1475 1668 (stc)

419 1671 563 1722 (lancellan'i
575 1671 681 1721 Eboraci
691 1671 770 1732 [John
782 1672 813 1721 de
825 1671 1021 1722 Excestriu-Le
1030 1669 1123 1736 Neve];
1138 1672 1198 1722 ibid.

366 1761 616 1829 Promwatorio
630 1759 678 1827 od
694 1759 841 1828 Germia
855 1759 1051 1827 Rauranum
1064 1785 1119 1826 :-

386 1868 461 1917 Anno
483 1865 578 1923 eodem,
601 1865 627 1914 in
649 1865 757 1914 crastino
780 1865 866 1916 Sancti
888 1865 994 1926 Andree,
1013 1865 1127 1929 Apostoli
1155 1865 1179 1927 [1
1209 1865 1277 1926 Dec,
1301 1865 1383 1927 12661,
1406 1865 1475 1930 apud

420 1930 569 1992 Londonias,
589 1929 667 1979 exivit
686 1931 890 1980 Prcoumtorium
907 1931 938 1978 ad
959 1930 1062 1980 curiam
1080 1932 1226 1992 Romanam,
1246 1931 1359 1980 subhac
1379 1930 1477 1979 forma:

419 1995 548 2046 Universis
578 1999 706 2058 presentes
734 1995 830 2044 Literas
857 1995 1007 2058 inspecturis
1035 1995 1169 2056 walterus,
1197 1996 1357 2045 miseracione
1384 1995 1477 2044 Divina

420 2060 567 2110 Rxoniensis
585 2061 728 2124 Episcopus,
746 2060 854 2109 salutem
873 2060 899 2108 in
922 2060 1030 2109 Domino
1046 2059 1393 2124 sempiternam-Novaricia
1409 2060 1478 2124 quod

419 2142 465 2175 nos
484 2125 598 2186 tammus,
613 2125 798 2182 constituimus,
810 2129 837 2173 et
848 2125 992 2174 ordinamus
1009 2125 1132 2175 dilectum
1148 2125 1220 2174 nobis
1231 2125 1258 2174 in
1274 2125 1380 2185 Christo,
1393 2125 1478 2174 Ricar-

420 2192 482 2240 dum
509 2191 541 2239 de
569 2191 710 2247 Repetens,
733 2189 857 2250 clericum,
880 2190 1070 2238 Procuratorem
1093 2195 1208 2240 nostrum
1229 2195 1357 2253 presentes
1379 2190 1477 2239 Literna

420 2256 587 2315 exhibentem,
603 2255 630 2304 in
648 2255 723 2305 euris
739 2255 858 2316 Romana,
876 2255 908 2304 ad
924 2255 1120 2318 impetrandum,
1137 2255 1366 2316 contradicendum,
1378 2259 1404 2303 et
1420 2269 1479 2303 eon·

420 2321 582 2372 senciendum
599 2320 625 2368 in
642 2319 763 2379 ludices3
781 2319 870 2368 dantes
886 2319 967 2368 eidem
984 2324 1142 2382 potestatem,
1155 2325 1181 2369 et
1199 2320 1348 2369 Mandatum
1365 2319 1478 2383 speciale,

420 2385 590 2436 constituendi
607 2389 634 2434 et
649 2383 821 2434 substituendi
837 2385 915 2433 alium
926 2389 952 2433 et
963 2383 1024 2434 elios
1040 2385 1216 2434 Procuratores
1232 2385 1286 2434 loco
1302 2385 1348 2446 sui,
1360 2383 1480 2447 quociens

420 2450 513 2500 viderit
529 2451 659 2514 expedire3
675 2451 707 2499 de
723 2449 825 2498 consilio
836 2450 971 2498 dumtaxat
987 2449 1152 2498 discretorum
1168 2449 1287 2510 virorum,
1299 2449 1478 2512 Magistrorum

421 2515 524 2566 Berardi
540 2516 572 2564 de
588 2514 700 2577 Neapoli,
711 2515 813 2563 Domini
830 2515 897 2576 Papo
914 2513 1041 2577 capellani
1052 2519 1079 2563 et
1089 2515 1195 2576 liutadi,
1209 2519 1237 2564 et
1247 2514 1357 2578 Philippi
1368 2515 1399 2563 dc
1412 2513 1477 2563 Oan-

422 2581 497 2641 cellis,
506 2579 620 2644 ejusdem
632 2579 734 2628 Domini
744 2579 840 2628 subditi
850 2583 877 2628 at
889 2579 1023 2642 capellani,
1032 2579 1072 2628 rel
1083 2579 1158 2628 unius
1170 2595 1263 2640 eorum,
1273 2583 1300 2628 et
1310 2578 1481 2628 constituendi

422 2646 445 2694 ei
461 2645 501 2694 vel
517 2645 553 2694 eis
569 2650 666 2694 certum
678 2643 795 2693 salarium
812 2645 951 2692 secundum
969 2659 1064 2692 morem
1076 2644 1158 2704 Cur-ie,
1170 2649 1247 2720 prout
1258 2644 1349 2693 viderit
1359 2643 1477 2707 expedire

423 2711 455 2760 de
471 2710 574 2760 consilio
589 2710 726 2758 eorundem
738 2724 744 2770 ς
761 2713 846 2758 ratum
862 2708 973 2757 habituri
984 2713 1011 2758 et
1021 2708 1123 2759 firmum
1134 2709 1256 2772 quicquid
1272 2709 1339 2758 idem
1351 2709 1480 2769 Ricardua

420 2775 460 2824 vel
478 2775 510 2824 ab
529 2791 559 2824 eo
578 2774 732 2824 constitutus
751 2773 791 2822 vel
809 2773 964 2822 substitutus
981 2773 1009 2822 in
1027 2772 1109 2823 forma
1125 2774 1244 2838 predicta,
1261 2773 1362 2823 namne
1384 2778 1478 2835 nostro,

422 2839 511 2890 iecerit
521 2839 548 2889 in
559 2839 757 2904 premissis-In
769 2838 843 2902 cujus
853 2839 889 2887 rei
905 2838 1080 2887 testimonium
1095 2839 1257 2888 Presantibus
1268 2839 1358 2888 Literis
1369 2838 1481 2901 sigillum

423 2904 603 2968 apposuimns;
622 2919 793 2967 quascumque
805 2903 1002 2964 Procuraciones‚
1015 2903 1223 2964 Constituciones,
1235 2908 1262 2952 et
1277 2903 1481 2953 Substitucionoe

422 2969 623 3032 quibuscumque
640 2969 751 3032 personis
768 2968 837 3032 prius
854 2969 940 3028 lactas,
951 2972 978 3018 et
989 2983 1208 3031 quorumcumque
1224 2968 1325 3018 nomine
1340 2983 1415 3017 conce
1432 2972 1481 3027 tas,

422 3035 703 3084 revocantes-Datum
722 3033 866 3090 Londoniis,
880 3033 906 3081 in
924 3033 1032 3082 crastino
1049 3033 1135 3083 Sancti
1151 3033 1259 3094 Andree,
1271 3033 1392 3096 Apostoli,
1465 3049 1481 3082 ο

420 3099 524 3149 Domini
534 3100 579 3148 M⁰.
593 3099 654 3148 00⁰.
667 3098 712 3146 11⁰.
725 3103 796 3147 sexto
809 3114 815 3156 ;
832 3099 869 3148 35.

388 3164 463 3215 Anno
474 3165 569 3224 eodem
581 3164 622 3212 die
637 3164 728 3212 Sancte
743 3163 848 3226 Agathe,
866 3163 975 3226 Virginis
994 3161 1020 3226 [5
1038 3163 1105 3222 Feb,
1119 3161 1244 3224 tres-701,
1260 3163 1339 3213 exivit
1356 3163 1475 3212 Procura-

422 3229 517 3278 torium
528 3229 561 3278 ad
572 3229 672 3278 Curiam
686 3229 824 3277 Romanam
835 3227 883 3276 sub
899 3227 945 3276 hac
961 3227 1042 3277 forma
1055 3228 1223 3278 :-Universis
1239 3231 1366 3291 presentes
1383 3227 1481 3276 Literas

421 3294 571 3409 issspecturis
588 3293 890 3408 wigenm’mssffiiini
907 3293 999 3406 Diffi?
1013 3293 1325 3407 Effindgqipmpffl’
1336 3292 1483 3406 sali'beensbitn

449 3375 533 3408 omino
553 3373 604 3408 sem
624 3375 632 3407 1
659 3373 768 3406 ruam·
854 3373 945 3406 maeret
994 3373 1040 3406 sv
1125 3373 1143 3406 n
1181 3373 1252 3419 mam,
1270 3369 1356 3407 wnore
1473 3383 1483 3394 ·

425 3424 500 3484 cium,
512 3375 630 3473 volumris
642 3423 770 3488 pervenire
798 3422 849 3471 uod
861 3437 906 3471 nos
924 3422 1046 3472 dilectum
1064 3423 1092 3472 in
1113 3422 1214 3472 Christo
1230 3422 1319 3483 filium,
1330 3423 1482 3484 Magistrum

423 3489 573 3539 Nioholaum
581 3489 612 3538 de
624 3489 766 3546 Honctone‚
776 3439 901 3549 iiericum,
911 3488 1100 3538 Procuratorem
1112 3493 1228 3537 nostrum
1238 3488 1265 3537 in
1277 3487 1353 3537 Curia
1361 3488 1483 3548 Romans,

424 3555 457 3604 ad
478 3555 513 3603 im
546 3553 674 3615 trandum,
695 3551 925 3614 contradicendum,
950 3557 977 3602 et
1004 3557 1087 3602 cetera
1108 3551 1252 3602 iaciendum
1279 3567 1329 3614 que
1355 3551 1484 3616 premissis

424 3619 510 3668 incum
529 3624 584 3681 unt,
596 3619 714 3682 adempta
725 3617 748 3666 ei
760 3617 900 3682 specialiter
910 3617 1077 3667 connubendi
1094 3622 1215 3667 mutarum
1233 3621 1365 3681 potestate,
1377 3617 1485 3680 Scriptis

425 3685 584 3748 presentibus
603 3684 717 3743 tacimus,
729 3682 915 3744 constituimus,
926 3686 954 3731 et
973 3682 1139 3742 ordinamus;
1155 3683 1245 3732 dantes
1263 3681 1344 3731 eidem
1363 3681 1486 3731 Micholao

424 3749 452 3798 in
462 3749 572 3798 animam
590 3753 702 3797 nostram
719 3747 823 3810 jurandi
842 3761 900 3796 oum
920 3763 984 3811 opus
1002 3747 1087 3808 fuerit,
1097 3751 1124 3797 et
1141 3747 1330 3796 Procuratorem
1347 3760 1429 3796 unum
1444 3745 1487 3796 vel
1638 3777 1639 3782 =

425 3815 516 3877 plures,
530 3814 584 3863 loco
597 3817 683 3862 nostm
694 3815 721 3861 et
732 3827 785 3870 suo,
798 3827 857 3861 cum
870 3812 986 3873 expedire
998 3813 1090 3862 viderit
1105 3811 1276 3861 substituendi
1290 3812 1395 3861 liberam
1405 3811 1485 3860 iamal-
1638 3811 1639 3866 l

425 3883 524 3938 tatem
549 3878 634 3926 omnia
656 3883 683 3926 et
705 3877 950 3940 singula-tempore
966 3877 1254 3940 priora-Procuratoris
1270 3880 1362 3937 nostra,
1381 3875 1487 3939 quibus-

425 3959 534 4007 cumque
543 3943 654 4007 personis
664 3941 801 4002 commissa,
809 3957 924 4006 expresse
936 3941 1148 3992 revocando-ln
1161 3957 1269 4004 quorum
1278 3941 1453 3990 testimonium
1462 3947 1492 3990 et

424 4009 501 4058 fidem
514 4008 692 4058 etc-Datum
705 4007 773 4070 apud
784 4007 935 4070 mucuns,
951 4007 991 4056 die
1007 4007 1094 4056 Martis
1105 4007 1219 4070 proxima
1229 4013 1287 4070 post
1298 4006 1402 4056 Festum
1416 4007 1491 4055 Puri·

426 4074 549 4124 ficacionis
569 4074 648 4122 Beata
667 4071 744 4121 Maria
766 4071 792 4134 [4
812 4070 893 4132 Feb.],
914 4073 1111 4122 consecracionis
1131 4077 1216 4122 nosne
1232 4071 1306 4120 Anno
1322 4071 1493 4134 duodecimo;
1638 4035 1639 4126 i

427 4137 634 4188 tat-Another
645 4140 659 4165 ‘¹
673 4137 899 4197 Procuratorium,”
910 4137 937 4186 in
945 4137 990 4186 the
1000 4137 1073 4187 usual
1085 4137 1157 4198 form,
1169 4153 1219 4186 was
1230 4135 1314 4186 issued
1324 4135 1352 4186 in
1362 4135 1454 4186 favour
1464 4138 1494 4187 oi

1637 4421 1639 4448 l

426 4203 572 4267 “Magister
584 4201 712 4252 eluredus
725 4201 852 4265 Milonis,”
871 4203 901 4253 la
912 4202 985 4266 April
996 4201 1044 4266 [Id.
1057 4201 1137 4267 Apr.],
1150 4199 1211 4254 1271
1222 4218 1230 4264 3
1248 4197 1301 4254 47³.
