3252 4984
325 407 397 482 336
585 429 663 484 vsu
681 429 868 486 suenrus
886 431 934 486 or
952 433 1086 486 ersnor
1104 434 1250 498 ourvrn

333 584 508 664 Bsurrou,
535 583 637 652 Vicus
652 585 741 664 oi,-

396 689 437 739 No
454 689 603 741 institution
619 690 641 739 is
657 689 792 751 recorded3
807 691 856 740 but
871 688 979 741 Willicm
989 690 1019 740 dc
1031 690 1152 741 Odorlull
1162 707 1248 742 occurs
1259 708 1286 741 as
1305 691 1384 753 Vicnr,
1394 709 1427 742 on
1439 693 1482 742 the

429 755 627 881 himililffl
643 755 687 805 the
703 755 863 806 Purification
881 756 906 818 [8
924 754 1003 820 Eehl,
1022 757 1112 806 lass-9
1133 757 1256 818 (diutim
1272 758 1303 820 os
1314 757 1353 808 tle
1370 758 1400 808 D.
1413 761 1436 806 d·
1447 759 1480 819 0.,

334 898 602 966 Beue-Fumat,
625 901 713 986 [Ber,
730 899 822 985 MS.],
838 901 974 967 Rectors
991 899 1078 978 oi,-

397 1002 515 1120 hl'ssff‘
531 1005 557 1054 lc
579 1005 659 1072 Poene,
677 1005 734 1055 inst
754 1007 784 1054 14
797 1003 874 1066 seb.)
893 1005 1001 1066 mill-‘25
1019 1005 1112 1056 Patron
1129 1005 1169 1055 Sir
1187 1005 1308 1070 Reginuld
1319 1007 1350 1056 de
1362 1007 1484 1066 Fer-nriis5

401 1107 652 1250 Wss‘g'ssgffissl
664 1135 749 1199 priest,
766 1135 918 1195 suessan
938 1134 970 1184 se
986 1150 1036 1184 we
1052 1135 1113 1184 ιιιι.
1132 1133 1162 1187 ιι
1179 1133 1269 1200 spru,
1288 1136 1368 1196 usn
1390 1137 1484 1186 escon

566 1235 573 1260 ‚
654 1235 661 1248 .

334 1277 455 1344 Bsnsv
478 1280 635 1356 NARBOR,
658 1280 778 1348 Rector
791 1279 879 1357 of,-

397 1384 492 1434 Master
510 1383 592 1434 Jemec
610 1383 640 1435 dc
659 1384 778 1446 Phanaeo,
798 1383 880 1434 whose
903 1383 1056 1434 Institution
1076 1384 1097 1433 is
1119 1388 1165 1434 not
1187 1385 1312 1445 recorded,
1343 1401 1429 1436 occurs
1455 1401 1482 1436 ss

431 1451 530 1508 Rector,
542 1451 571 1499 21
586 1447 653 1500 Οοι.8
670 1451 750 1509 1281;
768 1447 834 1500 litb.

396 1531 450 1581 'l'he
460 1531 586 1596 following
597 1532 740 1582 Documeut
752 1531 872 1590 (Arnim
883 1529 913 1592 of
919 1529 958 1581 cla
969 1529 1042 1580 Dece
1051 1529 1103 1580 end
1115 1529 1226 1594 Chapter,
1235 1531 1282 1580 No.
1296 1533 1378 1594 2110),
1387 1532 1438 1582 will
1448 1533 1480 1582 be

429 1597 489 1646 read
505 1597 567 1646 with
581 1599 686 1646 interest
698 1596 878 1646 :-Venersbili
897 1596 924 1645 in
944 1595 1044 1645 Christo
1064 1596 1134 1644 Patri
1153 1601 1179 1645 et
1199 1597 1314 1660 Domino,
1333 1597 1414 1658 Petro,
1432 1597 1479 1647 Dei

428 1661 510 1724 grecia
526 1662 660 1712 Exouienei
678 1662 806 1724 Episcopo,
823 1660 939 1710 Officialis
957 1661 1033 1709 Ourie
1053 1660 1238 1710 cantuariensis
1249 1661 1357 1710 sulutem
1368 1667 1395 1710 et
1406 1667 1478 1711 tanto

428 1725 498 1775 Patri
509 1727 674 1776 reverenciam
681 1727 708 1776 in
716 1726 824 1775 Domino
835 1725 1085 1789 genuflexum-Sus
1093 1725 1165 1774 nobis
1176 1726 1284 1774 Jacobus
1295 1727 1327 1774 de
1339 1727 1478 1788 Plsoeuoiis,

428 1791 520 1840 Rector
531 1791 639 1841 Ecclesie
650 1793 682 1840 de
693 1791 763 1840 Berri
771 1791 896 1854 Neyberd,
907 1791 1054 1839 Exonieneis
1065 1790 1182 1850 Diooeeis,
1195 1791 1320 1840 Peticioue
1332 1793 1479 1840 monstravit

428 1856 503 1919 quod,
517 1871 575 1906 oum
591 1856 643 1920 ipse
654 1857 759 1906 eandem
771 1856 905 1904 Ecclesiam
917 1871 988 1904 suum
997 1856 1087 1904 iausset
1098 1860 1125 1904 et
1135 1855 1170 1904 sio
1180 1856 1295 1904 canonice
1306 1861 1440 1915 essecutus,
1452 1861 1478 1904 et

427 1921 532 1970 eandem
548 1937 592 1984 per
607 1936 657 1970 uon
676 1921 775 1970 modice
790 1925 904 1983 tempora
920 1921 1020 1983 pacifice
1035 1920 1186 1983 possedisset
1201 1925 1227 1968 et
1244 1921 1336 1982 quiete,
1353 1926 1380 1969 et
1396 1921 1477 1970 adhuc

427 1985 552 2098 poesflideet
562 1985 951 2100 indprffitsscitlrhsnueedtargeu
960 1985 1108 2098 deNExgurig,
1121 1984 1232 2046 clericus,
1244 1985 1306 2098 salac
1317 1989 1344 2034 et
1355 1985 1476 2034 maliciose

427 2065 627 2100 oonnneo
757 2064 1475 2099 eersmeevrreeeesevsconmeumnun

427 2067 540 2176 merei?
551 2131 567 2164 n
586 2115 714 2178 Religionis
732 2115 798 2176 viris,
819 2115 903 2164 Priore
925 2120 951 2162 et
974 2066 1107 2163 Oonyventu
1124 2115 1156 2163 de
1175 2115 1266 2174 lewes,
1286 2087 1331 2178 qui
1348 2115 1476 2164 sedicunt

426 2180 541 2243 ejusdem
552 2181 660 2230 Eooleeie
672 2181 800 2238 Petronoe,
820 2181 853 2228 sd
863 2180 967 2228 canthur
980 2179 1115 2228 Ecclesiam
1127 2179 1204 2239 vobis,
1216 2184 1247 2228 ut
1258 2179 1356 2239 dicitur,
1369 2181 1401 2228 de
1411 2179 1476 2230 iacto

425 2261 452 2293 se
472 2246 613 2308 procuravit
631 2246 785 2308 presentari;
803 2245 919 2308 idemque
935 2244 1051 2304 Jecobus,
1069 2249 1183 2292 metuens
1200 2245 1247 2292 sibi
1264 2261 1295 2293 ex
1315 2245 1362 2292 hiis
1379 2249 1405 2292 et
1423 2244 1476 2292 eliis

425 2311 505 2358 causis
521 2310 696 2360 verisimilibus
711 2315 738 2360 et
754 2309 924 2373 probabilibus
944 2309 1094 2372 conjecturis
1108 2324 1152 2371 per
1169 2324 1212 2356 voe
1226 2325 1297 2372 posse
1314 2309 1341 2358 in
1360 2309 1475 2358 futurum

425 2375 593 2438 prejudicium
614 2375 733 2438 generari,
754 2391 785 2423 ne
804 2389 848 2422 voe
867 2375 976 2422 eundem
995 2374 1137 2422 Johennem
1158 2374 1191 2422 ed
1213 2375 1318 2422 esudem
1341 2374 1475 2423 Ecclesiam

424 2439 598 2500 admitteretis,
611 2455 655 2489 seu
665 2439 761 2489 Litercs
772 2455 847 2502 super
854 2439 940 2488 eadem
951 2439 1059 2487 Ecclesia
1068 2438 1250 2502 Inquisitoriss,
1261 2439 1315 2500 ipso
1323 2453 1372 2487 nou
1382 2443 1468 2488 voosto

423 2503 538 2554 feceretis
554 2520 598 2554 seu
615 2503 667 2553 lieri
683 2504 868 2567 permitteretis,
883 2505 973 2553 Sedem
985 2503 1162 2566 Apostolicam,
1174 2509 1201 2552 et
1212 2519 1256 2566 pro
1268 2503 1376 2552 tuicione
1387 2505 1477 2552 Sedem

424 2568 635 2629 Cautusriensem,
656 2569 787 2632 legittime,
805 2575 836 2617 ut
854 2569 949 2628 asserit,
969 2567 1113 2632 provocavit
1130 2584 1173 2616 seu
1191 2567 1325 2631 appellavit
1335 2584 1341 2627 ;
1364 2573 1405 2618 eet
1425 2583 1475 2628 vus,

423 2633 570 2696 hujusmodi
589 2633 768 2684 Provocacione
789 2649 834 2682 seu
852 2633 1027 2696 Appelleoione
1047 2649 1097 2681 uon
1119 2633 1242 2693 obstante,
1262 2633 1343 2681 eidem
1365 2633 1475 2682 Johenni

424 2699 519 2748 Literas
541 2704 636 2747 vestros
659 2699 833 2760 Inquisitorius
854 2713 929 2760 super
950 2699 1037 2746 eadem
1060 2697 1268 2746 Ecclesia-dicto
1295 2697 1396 2759 Jsoobo,
1418 2713 1476 2746 vero

424 2763 538 2826 ejusdem
557 2763 665 2812 Ecclesie
684 2765 796 2822 Rectore,
814 2767 845 2812 ut
863 2763 958 2824 asserit,
978 2777 1029 2811 non
1047 2767 1142 2823 vocato,
1162 2762 1236 2824 cujus
1258 2763 1378 2811 intererat
1399 2768 1475 2826 prout

423 2829 522 2888 dicitur,
534 2845 581 2878 nec
592 2845 636 2892 per
642 2828 824 2878 contumaciam
833 2827 1128 2888 absente-concessistis,
1140 2842 1184 2875 seu
1197 2827 1290 2889 inquiri
1297 2827 1475 2888 demandastis,

422 2893 448 2941 iu
466 2894 580 2956 ejusdem
603 2894 690 2943 Jacobi
712 2891 887 2956 prejudicium,
904 2892 1043 2954 dampnum
1066 2907 1116 2940 nou
1139 2891 1272 2953 modicum,
1289 2897 1316 2940 et
1334 2907 1472 2954 gravamen

423 2957 497 3006 Unde
513 2958 580 3007 idem
597 2959 712 3018 lacobus,
730 2957 840 3006 senciens
857 2972 889 3005 ex
905 2957 954 3004 hiis
970 2972 1014 3020 per
1030 2973 1075 3005 vos
1092 2957 1203 3005 indebite
1219 2972 1245 3004 se
1261 2957 1365 3020 gravari,
1383 2957 1473 3006 Sedern

421 3023 597 3086 Apostolioam,
615 3028 642 3073 et
660 3039 705 3087 pro
723 3022 831 3071 tuicione
850 3021 940 3070 Sedem
959 3021 1171 3080 Cautuerieusem,
1189 3021 1318 3084 legittime,
1330 3027 1361 3069 ιιι
1379 3021 1474 3082 asserit,

421 3087 560 3150 appellavit
588 3089 707 3148 Quocirca
715 3087 785 3135 vobis
796 3086 947 3143 inhibemus,
958 3091 984 3134 et
996 3101 1039 3148 per
1047 3101 1089 3134 voe
1099 3087 1186 3134 ceteris
1197 3086 1313 3134 omuibus
1324 3086 1416 3148 quibus
1424 3085 1473 3134 Jus

421 3151 499 3214 exigit
519 3152 633 3212 inhiberi,
651 3168 689 3212 ue,
707 3153 833 3214 pendente
850 3151 875 3198 in
902 3151 977 3199 Curis
1003 3150 1178 3200 Centuariensi
1203 3150 1350 3213 hujumodi
1371 3150 1474 3199 tultos-ie

422 3215 605 3280 Appellncionie
628 3217 735 3280 negocio,
752 3215 847 3279 aliquid
864 3215 910 3263 hee
932 3215 1058 3263 occasione
1080 3215 1239 3278 ottemptetis
1260 3231 1304 3263 seu
1327 3215 1472 3277 attemptari

422 3280 518 3331 iacietis
530 3283 557 3331 in
569 3282 650 3330 Partis
661 3281 829 3344 prejudicium
840 3279 994 3342 appellantis,
1002 3279 1138 3342 quominus
1145 3279 1248 3328 liberam
1260 3279 1351 3328 habeat
1361 3295 1473 3342 prosecu-

422 3346 518 3395 cionem
535 3346 700 3410 Apellucionis
717 3361 769 3405 sue,
786 3350 862 3409 prout
882 3343 981 3406 justum
1000 3344 1076 3392 iuer-it
1093 3343 1219 3407 utrinque.
1272 3343 1369 3404 Citetis,
1385 3345 1472 3404 etiarm

422 3426 466 3459 seu
480 3411 551 3460 citari
566 3411 670 3472 iacietis,
683 3410 847 3474 peremptorie
862 3410 964 3459 Partem
979 3409 1137 3472 Appellutnm
1153 3409 1222 3471 quod
1237 3414 1378 3471 compareat
1391 3423 1475 3457 eorem

423 3474 501 3536 uobis,
524 3475 564 3524 vel
586 3476 760 3524 Oommiesmio
787 3479 879 3534 nostro,
907 3473 934 3522 in
963 3475 1072 3522 Ecclesia
1099 3474 1176 3521 Beate
1199 3473 1276 3521 llario
1298 3473 1330 3521 de
1351 3473 1474 3534 Arcubus,

424 3541 565 3600 Loudoniis,
577 3541 655 3588 tercio
672 3539 719 3588 Die
731 3541 747 3588 J
750 3540 844 3588 uridico
856 3544 912 3602 post
928 3539 1085 3587 Dominicnm
1104 3554 1154 3601 qun
1166 3543 1283 3586 οιιιιιιιιιιι
1295 3537 1476 3588 Misericoule'cr

424 3604 526 3654 Domini
537 3603 563 3668 [2
581 3603 657 3669 Mag}
675 3605 772 3654 iectura
783 3610 810 3652 et
829 3609 958 3666 receptura
981 3619 1056 3666 super
1075 3603 1201 3666 premissis
1226 3604 1294 3666 quod
1315 3603 1478 3666 postulaverit

421 3671 482 3719 ordo
498 3671 569 3734 juris,
581 3676 608 3719 et
618 3675 704 3733 perata
721 3671 753 3718 ad
770 3669 955 3732 procedendum
972 3668 998 3716 in
1010 3669 1146 3730 principali,
1159 3668 1239 3717 sieibi
1250 3669 1341 3717 viderit
1351 3667 1475 3730 expedire,

421 3736 452 3784 de
463 3735 504 3785 die
515 3751 573 3784 vero
584 3735 732 3799 recepcionie
744 3734 904 3784 Presenoium
914 3749 921 3794 ;
938 3739 965 3782 et
976 3733 1045 3796 quod
1056 3749 1132 3796 super
1143 3733 1269 3796 premissis
1285 3733 1392 3780 feceritis
1402 3732 1477 3781 nobis

1226 3873 1479 3883 .-.--.--..

356 3989 400 4020 use
422 3971 449 4020 oi
476 3971 545 4034 galis.
592 3971 645 4020 'l'he
672 3971 800 4033 destroyer
827 3969 872 4017 hus
954 3966 1047 4030 Aprilis
1066 3966 1202 4015 institutus
1220 3966 1271 4014 luit
1291 3965 1420 4015 Gilbertus
1442 3966 1476 4015 de

357 4037 444 4100 kindly
462 4037 563 4084 written
581 4036 607 4084 in
625 4035 804 4100 “Aylisbere,”
825 4034 873 4081 but
955 4067 960 4078 .
980 4068 985 4078 .
1004 4066 1009 4079 .
1027 4068 1032 4081 .
1051 4031 1180 4094 presbiter,
1190 4032 1216 4080 in
1226 4031 1375 4106 ¹Ecclesiade
1392 4067 1399 4081 .
1418 4067 1424 4081 .
1443 4067 1449 4080 .
1468 4067 1475 4080 .

357 4101 379 4149 it
394 4101 416 4149 is
432 4101 539 4163 scsrcely
551 4100 657 4164 possible
673 4115 736 4148 even
747 4098 809 4148 with
820 4098 872 4147 this
954 4095 1307 4158 ....sdpreeeuteorouem
1325 4133 1330 4145 .
1351 4129 1357 4142 .
1375 4131 1407 4144 ..

356 4165 415 4229 help
431 4171 458 4214 to
475 4170 542 4214 truce
558 4165 603 4214 the
619 4179 699 4214 name.
741 4163 794 4212 'Phe
810 4169 872 4212 next
921 4159 994 4224 ¹va
1013 4161 1138 4209 Kalendas
1151 4160 1242 4209 Marcii.

356 4230 439 4293 Eutry
449 4229 470 4279 is
481 4229 625 4293 pincticclly
635 4228 782 4306 destroyed:
802 4228 814 4276 1
826 4243 871 4276 con
921 4223 931 4255 ²
949 4241 981 4274 xv
995 4226 1120 4274 Kelendes
1132 4225 1198 4275 Maii

354 4295 414 4344 read
432 4309 466 4346 no
485 4309 554 4344 more
572 4293 726 4360 than-“xiJ
745 4291 871 4342 Kalendas
920 4287 931 4321 ³
947 4290 983 4358 xij
1002 4291 1127 4341 Kalendas
1139 4289 1297 4342 Novembris.
