3282 4992
354 461 427 534 446
807 481 1021 538 snrsrunx.

414 637 533 687 videntur
548 652 564 685 a
579 636 674 686 multia
709 637 875 701 Quamquam,
892 643 985 701 auam,
1002 639 1149 702 hujusmodi
1165 639 1277 690 Sathane
1293 641 1422 701 satalites,
1438 655 1484 690 ocn-

414 709 503 752 vocato
524 717 600 766 quam
619 701 711 764 pluries
730 702 795 751 clem
817 709 844 751 et
866 703 958 767 populo
980 711 1063 753 nostre
1089 705 1205 755 Civitatis
1226 707 1253 754 in
1276 706 1389 755 Ecclesia
1410 711 1484 754 nostra

416 767 560 818 Osthsdrali
582 767 725 828 Exoniensi,
744 767 810 831 ipsos
832 773 886 816 tam
913 785 928 816 a
956 769 1146 833 participscione
1172 771 1393 820 Samamerrtorum
1420 785 1486 834 quun

417 831 600 884 Oommnnione
619 831 743 880 Fidelium
771 839 921 896 separantes,
949 849 1007 882 cum
1035 850 1122 883 eorum
1149 836 1320 898 complicibus,
1346 835 1486 895 auctmbrs,

416 899 564 956 fautoribus,
584 897 723 956 consilium,
741 897 871 958 auxilium,
894 915 975 962 opem,
998 899 1118 960 favorem,
1141 901 1181 948 vel
1203 917 1341 961 usensnm,
1360 901 1435 949 serbo
1454 900 1486 948 rel

414 965 488 1024 facto,
514 963 578 1011 clam
600 962 640 1010 vel
664 961 754 1025 palam
771 963 950 1025 prestantibus,
969 979 998 1012 ac
1016 965 1143 1028 quoslibet
1163 971 1332 1028 receptatores
1359 967 1486 1014 eorundem

413 1029 526 1086 edentes,
539 1041 657 1076 mucrone
668 1027 843 1076 Anathamstis
854 1029 1053 1090 percusserimus,
1066 1029 1197 1079 mittentes
1207 1045 1249 1079 eos
1264 1031 1291 1079 in
1306 1031 1391 1094 ignem
1402 1029 1485 1079 Jehen·

414 1094 503 1154 nalem,
521 1091 621 1150 ibidem,
644 1091 693 1140 nisi
715 1091 850 1155 peniteant,
867 1093 1011 1142 eternaliter
1032 1095 1191 1152 cruciandos;
1214 1095 1380 1160 nicquetum
1401 1101 1485 1156 nosne,

414 1175 491 1223 quam
502 1157 580 1206 οιίιιιι
592 1171 607 1205 a
619 1156 719 1206 Quone
730 1157 780 1205 late
794 1157 932 1218 Sentencm,
948 1159 974 1206 in
988 1159 1135 1222 hujusmodi
1151 1160 1198 1208 Dei
1209 1165 1236 1208 et
1251 1160 1361 1209 Ecclffie
1372 1160 1485 1217 inimicos.

413 1239 490 1289 quam
506 1227 606 1272 constat
620 1237 662 1270 eos
677 1221 731 1284 ipso
746 1223 813 1270 facto
827 1223 1021 1286 dampnabiliter
1039 1224 1179 1284 incurrisse,
1196 1225 1385 1274 Pontificalibns
1401 1226 1484 1285 induti,

414 1305 472 1339 cum
489 1287 665 1350 solempnitate
680 1301 731 1362 qua
746 1287 839 1344 decuit,
851 1287 1091 1346 denunciaverimus,
1107 1293 1134 1337 et
1150 1289 1328 1339 nichilominus
1345 1291 1372 1339 in
1389 1290 1486 1353 singulis

414 1353 530 1404 Ecclesiis
541 1359 626 1400 nostre
643 1351 759 1401 Civitatis
776 1357 802 1400 et
819 1353 944 1416 Dyocesis,
956 1353 1060 1416 singulis
1077 1354 1172 1402 Diebus
1189 1355 1328 1403 Dominicis
1340 1361 1367 1404 et
1378 1355 1487 1414 Festiris,

413 1419 522 1470 candelis
544 1416 659 1476 emensis,
685 1421 712 1465 et
735 1417 841 1479 pulsatis
865 1419 991 1481 campanis
1021 1419 1122 1468 eosdem
1146 1419 1276 1482 sacrilegos
1300 1436 1346 1483 per
1371 1421 1486 1469 Lowrunr

414 1485 567 1549 capellanos,
584 1483 651 1530 intra
666 1481 797 1530 hiiensium
814 1482 963 1545 Solempnis,
976 1499 1034 1532 cum
1049 1483 1130 1546 major
1140 1485 1227 1533 ederet
1241 1485 1328 1547 populi
1344 1485 1486 1542 multitudo,

411 1549 556 1599 denunciari
567 1547 699 1595 fecerimus
710 1546 809 1609 publice
820 1553 846 1596 et
857 1547 1018 1610 solempniter
1028 1549 1164 1611 subjacere,
1175 1549 1249 1612 justa
1260 1550 1410 1598 incumbens
1422 1550 1486 1598 nobis

412 1613 546 1664 Pastoralis
562 1611 736 1660 sollicitudinis
752 1611 861 1660 officium
877 1612 1028 1675 requirebat,
1045 1614 1124 1662 donec
1140 1613 1172 1662 ad
1190 1629 1232 1662 eor
1253 1615 1396 1675 redeuntes,
1414 1621 1441 1663 et
1459 1615 1488 1662 de

411 1679 548 1730 commissis
565 1676 730 1739 penitenciam
753 1677 901 1739 condignam
917 1683 1019 1740 agentes
1035 1678 1061 1726 in
1078 1678 1159 1727 forms
1173 1679 1238 1741 juris
1254 1679 1407 1728 Masticium
1422 1679 1486 1728 abac·

411 1744 515 1794 lusionis
537 1743 675 1791 meruerint
696 1741 815 1804 optinere.
850 1741 920 1802 Quia,
943 1747 1036 1802 ιιιιιιιιι,
1058 1743 1137 1805 ipsius
1158 1741 1266 1792 sceleris¹
1288 1749 1413 1806 auctores,
1434 1759 1487 1792 cnm

410 1809 573 1873 participibus
589 1807 647 1866 suis,
664 1808 697 1854 de
712 1806 816 1855 diversis
834 1807 978 1856 Diocesibus
995 1809 1100 1856 existere
1122 1808 1296 1857 creditur-ut
1312 1809 1381 1858 fama
1392 1809 1486 1872 puplica

411 1873 547 1936 vulgariter
562 1871 859 1934 opinatus-eommunia
876 1870 1002 1920 hortatur¹
1019 1873 1116 1921 utilitas
1133 1878 1163 1922 ut
1180 1878 1250 1922 tante
1265 1874 1396 1922 demencie
1412 1874 1487 1922 rabies

409 1941 435 1989 in
447 1938 551 1988 diversis
564 1937 717 2000 Dyocesibus
727 1941 754 1985 et
765 1937 824 1986 locis
839 1937 944 2000 publicis
963 1937 1061 2000 publice
1077 1943 1207 1998 arceatur,
1224 1955 1262 1997 ne,
1273 1939 1360 2002 igitur,
1372 1939 1488 2002 premissa

410 2005 526 2060 facinora,
537 2007 650 2065 que-ut
660 2001 864 2050 constat-(llere
875 2007 902 2050 et
914 2003 1022 2051 Ecclesia
1032 2001 1171 2054 Universali
1183 2005 1342 2052 menifestum
1349 2005 1489 2052 intulerunt

410 2070 537 2133 injuriam,
557 2067 702 2116 scandalum
722 2067 816 2129 pariter
837 2071 864 2116 et
880 2067 1005 2128 offensam,
1023 2073 1050 2115 et
1072 2069 1121 2116 sub
1140 2069 1349 2129 dissimnlscione,
1360 2074 1488 2117 meent

411 2135 534 2198 inpunita,
557 2147 615 2181 cum
637 2131 761 2180 laudabile
783 2131 817 2180 sit
838 2129 946 2180 οιιιιιιιίι8
968 2133 1047 2180 factas
1074 2139 1170 2181 atroces
1196 2133 1367 2182 sacerdotibus
1396 2139 1424 2182 et
1445 2134 1489 2182 Dei

410 2199 532 2249 Ministris
540 2197 618 2246 veluti
631 2197 760 2260 publicum
771 2197 865 2245 crimen
876 2197 998 2260 persequi,
1010 2212 1038 2246 ac
1049 2197 1080 2246 de
1092 2197 1184 2246 talibus
1195 2197 1243 2246 reis
1254 2198 1380 2247 ulcionem
1392 2199 1487 2259 mereri,

408 2266 494 2326 edam,
505 2263 578 2326 juxta
591 2261 715 2325 legitimas
730 2262 877 2321 sanccionss,
893 2262 978 2324 sitque
992 2262 1174 2325 insurgendum
1181 2267 1236 2311 toto
1251 2264 1384 2312 conamine
1401 2269 1486 2312 contra

409 2328 556 2393 hujusmodi
566 2331 759 2390 presumptores,
771 2327 903 2389 ne-quod
914 2327 1066 2376 absit-tam
1082 2327 1230 2376 detestanda
1245 2329 1396 2390 pemersitas
1406 2328 1489 2377 debite

408 2393 566 2444 corr-accionis
580 2407 671 2455 penam
685 2391 809 2440 evadatis
826 2396 910 2440 totum
921 2408 928 2452 ;
939 2392 1115 2441 committendi
1129 2392 1273 2452 consimilia,
1287 2393 1374 2452 eciam
1384 2393 1411 2441 in
1420 2393 1489 2440 robis

408 2459 539 2508 commissa
555 2457 668 2520 Dyocesi,
680 2456 706 2504 in
723 2461 852 2518 posterum
869 2456 1038 2505 consimilibus
1055 2458 1271 2521 presumptoribus
1287 2458 1393 2520 prebeat
1408 2459 1489 2506 ineen-

409 2525 490 2573 tirum
503 2539 509 2582 ;
526 2523 558 2571 ad
570 2521 718 2570 liileccicnis
729 2526 811 2569 vestre
823 2521 1013 2584 plenitudinem,
1028 2528 1157 2584 tamquam
1174 2523 1207 2570 ad
1221 2528 1350 2585 sper-atum
1361 2523 1489 2585 refugium

407 2589 587 2652 confugientes,
606 2586 652 2634 hac
668 2585 728 2646 vice,
744 2601 788 2634 vos
803 2600 835 2634 ex
850 2586 1022 2635 vidsaitudine
1038 2587 1148 2636 caritatis
1164 2593 1260 2647 murtae,
1277 2603 1337 2636 cum
1353 2588 1425 2636 omni
1442 2603 1491 2651 qua

407 2655 531 2719 possimus
542 2651 672 2701 affectione
682 2651 779 2714 majori,
792 2650 921 2699 humiliter
932 2651 1082 2714 requirimus
1099 2657 1126 2700 et
1142 2667 1258 2714 rogamus
1269 2652 1392 2715 quatinus
1404 2659 1490 2702 conms

406 2723 544 2783 sepetactos
555 2716 696 2780 iniquitatis
707 2715 778 2772 filios,
789 2716 893 2764 humani
904 2717 1000 2778 generis
1008 2717 1128 2777 inimicos,
1139 2721 1192 2766 tam
1200 2717 1368 2780 horrendique
1379 2716 1489 2766 sceleris¹

405 2788 590 2848 presumptores
607 2781 745 2844 nepharius,
757 2781 953 2844 eorumdemque
969 2781 1107 2844 complices,
1119 2787 1239 2839 auctores,
1253 2787 1300 2831 eta
1319 2787 1349 2831 ut
1364 2798 1451 2844 supra
1463 2797 1490 2830 ac

406 2851 512 2899 scienter
527 2851 693 2911 mceptatoree
709 2846 853 2906 eorundem,
870 2846 897 2894 in
916 2846 1024 2894 Ecclesia
1046 2847 1196 2906 Sammensi,
1214 2861 1310 2896 necnon
1332 2852 1359 2895 et
1382 2847 1490 2908 singulis

406 2913 522 2963 Ecclesiis
547 2911 761 2962 conventualibus
780 2915 807 2960 ct
826 2909 1011 2959 Parochialibus
1033 2911 1148 2974 ejusdem
1172 2910 1287 2960 Civitatis
1310 2915 1336 2958 et
1360 2911 1492 2974 Dyccesis,

405 2978 558 3028 celebrandis
569 2993 614 3040 per
625 2991 675 3037 vos,
685 2975 814 3034 Officinles,
822 2981 849 3024 et
857 2975 1049 3024 Archidiaconcs
1062 2977 1191 3037 locorum,
1200 2991 1337 3038 eorumque
1348 2976 1491 3032 Ministrcs,

404 3044 489 3094 debite
510 3041 670 3092 correctionis
693 3056 805 3096 manum,
828 3045 970 3088 nostrarum
992 3056 1095 3103 precum
1116 3045 1143 3090 et
1164 3041 1255 3089 amoris
1279 3039 1386 3101 intuitu,
1404 3041 1491 3089 velitis

404 3123 534 3172 apponere,
546 3107 621 3170 juxta
631 3106 739 3154 formam
754 3105 851 3154 anobis
866 3105 980 3168 superius
995 3106 1157 3154 observatam
1196 3105 1308 3168 Dignum
1318 3111 1367 3164 est,
1384 3105 1491 3160 etenim.

403 3179 435 3223 ut
456 3189 519 3236 quos
539 3172 586 3220 Dei
608 3171 684 3219 timor
705 3186 721 3218 a
743 3169 808 3218 malo
830 3185 880 3218 non
897 3169 1050 3232 compescuit
1072 3170 1242 3219 Ecclesiastico
1259 3170 1348 3232 puniat
1366 3171 1490 3219 mneritas

385 3265 387 3272 ·
404 3237 539 3301 Disciplina
552 3252 558 3295 ;
575 3240 675 3298 siquos
686 3235 820 3297 utriusque
835 3234 906 3282 duris
922 3234 1032 3296 gladium
1050 3234 1157 3297 perimit,
1169 3235 1204 3284 eis
1215 3251 1265 3284 non
1277 3240 1365 3298 parcat
1375 3235 1490 3284 officium

402 3301 576 3352 ministrantis.
610 3301 721 3349 Tantum
737 3299 882 3362 superbiis,
899 3299 921 3346 si
937 3299 1081 3362 complacet,
1097 3299 1194 3348 faciatis
1210 3306 1247 3360 ut,
1265 3315 1309 3363 pro
1325 3305 1400 3349 tanto
1416 3299 1491 3349 Jnris

403 3367 548 3424 ministerio,
566 3370 679 3414 reanum
698 3365 724 3413 in
742 3363 850 3427 presenti
868 3364 994 3424 meritum,
1006 3364 1032 3412 in
1049 3364 1188 3428 futuroque
1205 3363 1327 3427 gaudium
1341 3370 1490 3428 angeatur;

403 3433 473 3481 vobis
493 3447 537 3495 pru
555 3435 628 3480 tanto
643 3429 769 3490 beneflcio,
781 3429 813 3478 sd
832 3434 915 3477 vestra
932 3429 1093 3491 beneplacita,
1105 3435 1132 3478 et
1147 3429 1173 3478 in
1191 3428 1335 3492 majoribus,
1347 3445 1380 3478 ex
1396 3435 1491 3479 mutue

402 3497 543 3547 dileccionis
560 3495 709 3555 sinceritate,
724 3495 756 3543 de
773 3499 854 3543 cetero
871 3493 963 3542 for-cius
979 3494 1154 3558 astringamur.
1190 3495 1328 3544 conservet
1343 3510 1390 3544 voe
1408 3496 1491 3545 Altis-

401 3563 481 3612 simus
492 3577 536 3625 per
544 3565 658 3624 tempora
668 3559 935 3619 diuturna-Datum,
948 3559 1012 3608 etc''

430 3725 484 3776 The
495 3723 622 3788 following
633 3724 758 3782 Extracts,
770 3722 810 3771 for
821 3721 902 3770 which
918 3721 930 3770 I
944 3737 985 3771 am
1001 3721 1121 3772 indebted
1132 3727 1160 3771 to
1172 3721 1219 3771 hir.
1231 3719 1361 3784 Brigant's
1373 3719 1491 3784 friendly

398 3793 474 3851 hand,
486 3806 527 3839 are
538 3787 702 3852 nctewortby.
736 3787 807 3850 They
818 3786 890 3846 refer,
899 3786 995 3850 chiefly,
1003 3791 1031 3836 to
1044 3787 1143 3851 Pycct's
1154 3787 1304 3846 conviction,
1316 3786 1368 3834 and
1380 3802 1425 3836 sne
1437 3787 1490 3835 eleo

397 3856 548 3906 illustrative
563 3855 590 3902 of
611 3853 710 3902 Entries
727 3852 754 3900 in
774 3852 836 3900 both
856 3852 1058 3900 Broneecombe's
1077 3853 1127 3900 and
1147 3851 1254 3912 Quivil's
1272 3851 1450 3913 Regiatersz-

431 3921 467 3982 (1)
486 3921 531 3968 “E
551 3918 637 3968 Rotulo
661 3917 834 3979 Originoliam,
852 3917 923 3964 Anno
941 3915 984 3965 120
1000 3917 1065 3966 lidio.
1084 3917 1103 3966 1.
1123 3917 1189 3977 (soa
1208 3916 1433 3978 iii—Mandatum
1450 3921 1490 3965 est

397 3987 517 4048 Magistro
530 3983 638 4033 Henrico
649 3982 681 4031 de
692 3983 765 4044 Bray,
778 3981 905 4030 Escsetori
916 3981 979 4030 citra
995 3981 1122 4041 iberitam,
1134 3982 1203 4044 quod
1221 3982 1363 4032 himerium
1375 3981 1408 4030 de
1421 3981 1490 4042 Otry

397 4053 489 4100 Sancto
511 4049 596 4109 liaris,
619 4047 686 4110 quod
715 4045 813 4096 racione
839 4045 929 4094 mortis
956 4045 1070 4109 Magistri
1086 4047 1190 4094 Walters·
1219 4047 1251 4096 de
1273 4046 1423 4106 lecchlade,
1443 4045 1490 4108 qni

396 4116 536 4165 Menenium
552 4113 617 4162 illud
634 4128 665 4161 ex
683 4111 863 4162 commissione
880 4109 976 4160 Decani
992 4116 1019 4160 et
1036 4111 1146 4174 Capituli
1164 4111 1273 4161 Ecclesia
1290 4111 1489 4175 Rotomsgenn‘s

391 4363 401 4396 ²
416 4366 508 4428 celeris,
520 4367 574 4418 its.
803 4363 814 4396 ¹
829 4369 923 4428 oratur,
934 4363 987 4415 MS.
1229 4364 1239 4396 ³
1255 4366 1347 4425 cunda,
1360 4363 1416 4416 irs.
