3298 4984
317 377 362 444 86
556 388 698 442 mesor
715 367 1024 444 nnonnscousn's
1047 390 1243 445 sneisane.

322 543 427 609 Forde
439 542 784 629 Abbcy-continned.

422 655 617 716 Procuratorem,
634 657 686 704 loco
700 657 930 706 euisubstituendi.
963 655 1232 706 Rnlirmhubiturietc.
1268 694 1274 706 .
1309 694 1314 705 .
1350 694 1355 704 .
1391 657 1482 719 Etpro

421 722 516 777 eodem,
531 721 677 770 substitutis
689 723 860 770 substitutore
872 723 903 770 ab
916 740 951 782 eo,
964 723 1105 786 judicatum
1123 723 1185 770 solvi
1197 722 1244 770 snb
1259 722 1379 785 ypotheca
1398 738 1483 770 rerum

420 786 751 848 nostrammpromittimus.
788 823 793 832 .
830 825 835 836 .
869 825 874 836 .
910 788 1005 836 Datum
1018 786 1057 850 [ut
1068 786 1154 850 sumu]
1166 807 1175 844 ,·
1199 787 1237 838 m.

323 892 479 958 Sentcncc
511 891 549 974 of
576 893 921 958 Eeconuauuicutioa
950 892 980 958 r's
1010 892 1227 979 puououuccd
1257 891 1394 974 (spirensi
1432 893 1483 958 rte

450 979 608 1057 Attae,-

387 1103 461 1151 Auno
481 1103 567 1150 codem
581 1099 668 1165 [1276]
688 1103 755 1164 aluid
774 1099 870 1162 Horslc,
888 1102 913 1150 iu
932 1101 1021 1164 vigilie
1038 1102 1214 1150 Pentechostes
1234 1101 1312 1149 exirit
1332 1102 1414 1148 Litern
1433 1100 1482 1148 snb

423 1168 468 1215 hac
496 1168 575 1214 lorrna
592 1167 762 1226 :—ll'alterus,
793 1168 839 1214 Dei
865 1167 944 1230 gracia
973 1168 1120 1215 Exoniensis
1145 1167 1289 1228 Episcopus,
1315 1167 1406 1214 dilecto
1429 1166 1482 1213 lilio

423 1232 526 1281 Officiuli
538 1236 623 1279 nostro
636 1232 750 1292 salutern,
770 1233 884 1294 graciam,
897 1237 924 1280 et
935 1233 1140 1281 benediccionem.
1176 1233 1212 1280 Eo
1225 1232 1310 1279 arciori
1324 1231 1479 1294 providentia

423 1297 625 1360 dclinquencium
643 1297 733 1344 merito
753 1298 858 1359 punitur
875 1298 984 1356 audacia,
1001 1314 1051 1359 quo
1068 1313 1155 1345 eorum
1172 1297 1299 1359 appetitus
1315 1297 1404 1344 noxius
1421 1296 1480 1342 sul·-

423 1379 508 1425 repere
519 1367 623 1410 conatur
635 1363 661 1409 in
673 1363 789 1421 vetitum,
802 1379 892 1424 eosque
904 1363 1010 1424 dilapsos
1020 1363 1045 1410 iu
1057 1363 1174 1410 illicitum
1186 1379 1243 1409 cunr
1262 1362 1313 1408 suis
1325 1361 1479 1409 larrctoribus

422 1427 605 1490 dampnabilius
615 1427 646 1474 ad
656 1427 774 1475 Gehenne
786 1427 909 1489 pertrahit
919 1427 1057 1475 interitum.
1093 1427 1157 1476 Sam
1169 1443 1225 1474 curn
1246 1428 1324 1474 frater
1336 1425 1480 1473 willelmus

421 1494 453 1540 de
461 1493 595 1552 Crulrerne‚
608 1492 693 1539 Abbas
704 1493 735 1539 de
745 1493 831 1548 Fordo,
845 1492 1022 1553 c5sterciensis
1035 1492 1143 1550 Ordinis,
1155 1497 1238 1539 nostre
1248 1491 1364 1549 Diocesis,
1373 1495 1423 1538 tarn
1437 1506 1481 1551 per

421 1573 473 1616 nos,
486 1572 562 1620 quam
574 1573 618 1619 per
628 1557 696 1616 alios,
708 1557 849 1620 Apostoliea
862 1562 888 1604 et
899 1556 1022 1604 ordinaria
1033 1557 1183 1605 auctoritate
1194 1557 1278 1613 lrctos,
1288 1563 1389 1618 prepter
1400 1555 1478 1602 mani-

421 1623 497 1670 festus
514 1622 619 1670 offensas
643 1627 670 1669 et
696 1622 874 1683 multiplicatas
896 1622 1064 1670 contumacias
1083 1621 1186 1684 Majoris
1209 1620 1482 1668 llxcommunicationis

422 1687 529 1748 vincula,
550 1686 664 1748 exigente
680 1687 788 1748 justicia,
806 1687 883 1733 luerit
900 1685 1043 1744 innodatus,
1069 1702 1098 1734 ac
1114 1687 1190 1734 eciam
1209 1686 1359 1734 auctoritate
1371 1685 1479 1734 canonis

381 1805 383 1812 ,
421 1753 496 1800 simili
508 1752 639 1800 Sentencia
650 1752 742 1812 ligatus
751 1751 864 1798 extiterit
875 1755 901 1798 et
912 1751 1078 1799 denunciatus
1096 1751 1180 1799 taliter
1191 1751 1327 1810 involutus,
1339 1751 1441 1812 ipseque
1453 1751 1480 1797 in

420 1817 517 1865 malicia
528 1833 573 1864 sua
590 1831 748 1878 perseverans
765 1815 966 1864 malediecicnem
984 1814 1054 1864 bibat
1066 1821 1097 1864 ut
1113 1831 1210 1878 aqrram,
1223 1823 1249 1864 et
1266 1816 1411 1878 hujusmodi
1431 1816 1480 1862 Ex·

420 1881 672 1930 communicscionem
685 1881 782 1928 diucius
794 1881 942 1928 sustinuerit
958 1881 1041 1929 animo
1052 1881 1170 1930 indurato
1183 1897 1189 1940 ;
1206 1898 1237 1928 ue
1255 1883 1321 1929 Grex
1333 1880 1479 1928 Dominicns

420 1963 478 1996 cure
486 1951 571 1994 nostre
579 1945 725 1993 commissus
735 1961 778 2007 per
784 1945 844 1993 dicti
853 1946 958 1994 Abbatis
967 1947 1165 1994 communionem
1174 1946 1335 2008 periculosius
1347 1946 1370 1992 in
1375 1946 1480 2004 liciatnr,

420 2012 490 2060 robis
512 2011 668 2070 mmrdamus,
688 2011 714 2058 iu
733 2010 829 2058 virtute
846 2011 994 2070 obediencie,
1012 2010 1119 2060 firmiter
1135 2011 1296 2074 injungentes
1313 2012 1431 2073 quatirms
1451 2011 1478 2058 iu

420 2076 564 2126 cathedrali
599 2075 706 2123 Ecclesia
742 2080 827 2123 nostra
856 2076 989 2124 Exoniensi
1017 2081 1043 2124 ct
1073 2077 1099 2124 in
1124 2075 1228 2138 singulis
1258 2075 1479 2134 Cmmentnalibus,

420 2141 570 2204 collegiatis,
582 2145 608 2189 et
625 2140 810 2189 Perochialibus
822 2141 936 2189 Ecclesiis
948 2145 1032 2188 nostre
1044 2141 1160 2190 Civitatis
1171 2147 1197 2189 et
1211 2139 1326 2200 lliccesis,
1339 2157 1382 2202 per
1389 2156 1438 2198 ros,
1451 2145 1479 2188 et

419 2207 480 2255 alios
497 2222 559 2268 qnos
576 2207 607 2254 ad
625 2205 671 2254 hoc
688 2205 806 2254 noveritis
818 2207 935 2268 ydoneos,
955 2205 1059 2267 singulis
1071 2207 1166 2254 Diebus
1178 2206 1314 2253 Dominicis
1325 2211 1351 2253 et
1364 2205 1476 2264 Festiris,

418 2271 523 2335 pulsatis
545 2271 672 2333 campanis
699 2275 725 2319 et
752 2271 861 2319 candelis
883 2270 990 2318 accensis
1018 2271 1046 2319 in
1073 2275 1165 2320 terram
1194 2271 1318 2334 projectis,
1349 2271 1475 2332 prelatum

419 2337 544 2386 Abbatem
572 2336 606 2384 sic
634 2336 878 2384 excommunicatum
906 2335 1005 2398 publice
1028 2341 1054 2384 et
1080 2337 1241 2399 solempniter
1268 2335 1424 2383 denuncietis
1451 2345 1479 2382 et

418 2401 563 2450 denunciari
574 2401 678 2460 faciatis,
691 2405 821 2449 monentes
838 2400 953 2448 canonice
965 2405 992 2448 et
1008 2401 1102 2448 moneri
1113 2402 1232 2449 iacientes
1244 2401 1371 2448 universos
1384 2399 1479 2448 Christi

419 2467 516 2516 Fideles
526 2463 597 2514 nobis
605 2466 726 2525 subditos,
737 2469 767 2514 ut
775 2482 788 2513 a
796 2466 856 2513 dieti
861 2463 967 2513 nubatis
974 2466 1155 2526 communione,
1161 2467 1299 2525 mercando,
1305 2465 1478 2525 ministrando,

418 2532 585 2594 obsequendo,
597 2537 624 2580 et
635 2531 747 2595 quolibet
758 2531 805 2578 alic
817 2531 882 2578 civili
899 2531 973 2579 modo
984 2531 1146 2579 inexcusabili
1162 2531 1303 2579 adherendo
1314 2544 1358 2579 seu
1371 2531 1478 2579 favendo

419 2615 445 2645 se
472 2597 621 2656 stetissent,
641 2612 772 2658 quousque
794 2596 826 2644 ad
843 2595 951 2644 Ecclesia
969 2596 1070 2644 redierit
1097 2596 1228 2654 unitatem,
1259 2601 1284 2644 et
1312 2596 1477 2644 absolucionis

417 2662 566 2710 beneficium
587 2661 708 2710 meruerit
735 2659 852 2709 obtinere.
888 2660 914 2708 Si
942 2677 1012 2724 quos,
1040 2677 1105 2718 vero,
1135 2665 1193 2724 post
1209 2667 1303 2709 uestms
1325 2661 1477 2710 municiones

416 2727 551 2787 canonicae,
569 2726 649 2774 eidem
666 2726 759 2775 Abbati
776 2725 958 2774 communicare
975 2725 1156 2774 exsrninacione
1168 2725 1253 2774 debita
1264 2726 1415 2782 invencritis,
1436 2743 1478 2774 eos

417 2791 628 2840 animadversione
651 2792 768 2840 canonica
792 2791 919 2853 puniendo
942 2791 1083 2853 castigetis:
1127 2791 1269 2852 rescripturi
1292 2792 1362 2839 nobis
1386 2791 1476 2840 Literis

418 2857 507 2905 restris
523 2854 680 2916 Patentibus,
697 2856 787 2904 harum
807 2857 896 2904 seriem
913 2856 1107 2908 continentibus.
1120 2856 1185 2903 inira
1202 2872 1312 2904 mensem
1324 2862 1381 2918 prist
1393 2873 1474 2919 recep-

417 2922 512 2970 cionem
531 2921 696 2980 Presencium,
710 2921 817 2983 qualiter
833 2921 983 2969 lllandaturn
997 2926 1111 2968 nostrum
1128 2920 1226 2968 fueritis
1238 2921 1473 2970 exuenti—llalnrn

419 2987 590 3113 apud]Horsl‚e,
602 2987 629 3034 in
641 2985 731 3048 Vigiliu
739 2987 905 3046 Pentecostcs,
918 2985 1116 3034 consecracionis
1125 2991 1209 3034 nostre
1220 2987 1348 3034 annonisn
1359 2987 1401 3046 [⁸23
1410 2988 1476 3051 May,

421 3051 480 3102 1276
502 3067 508 3110 ;
529 3054 577 3101 1⁸2.

384 3119 458 3168 Anno
478 3117 571 3176 eodem,
585 3116 719 3174 Londonie,
735 3116 777 3178 viij
791 3115 917 3164 Kalernlns
928 3116 1007 3176 Junii,
1025 3117 1102 3164 exirit
1119 3116 1201 3164 litera
1219 3116 1266 3164 sub
1283 3116 1329 3164 hac
1345 3117 1423 3164 fruma
1437 3133 1476 3165 :—

418 3181 558 3230 Venerabili
579 3182 647 3229 Patri
668 3186 694 3228 et
712 3182 857 3229 Reverendo
869 3181 985 3242 Domino,
998 3183 1113 3239 Itoberto,
1126 3182 1171 3229 Dei
1183 3181 1265 3242 gracia
1276 3181 1437 3229 Buthoniensi
1449 3187 1476 3229 ct

417 3247 535 3295 Wellcnsi
553 3247 681 3308 Episcopo,
700 3246 833 3306 Walterus,
852 3246 971 3308 Ejusdem
991 3247 1149 3294 miseracione
1166 3244 1315 3293 Eroniensis
1332 3247 1477 3308 Episcopus,

417 3313 562 3360 salutemet
578 3311 671 3359 sincere
688 3311 713 3358 in
732 3311 839 3359 Domino
856 3311 967 3358 caritatis
984 3327 1079 3373 semper
1095 3315 1266 3373 augmentum.
1302 3311 1347 3358 Illa
1360 3311 1476 3373 precipue

417 3377 619 3439 delinqucnciunr
637 3381 737 3438 peccata
760 3391 803 3438 pre
826 3376 913 3424 ceteris
930 3377 1032 3438 expedit
1049 3392 1100 3424 esse
1123 3383 1182 3426 nota
1205 3376 1255 3438 qui,
1273 3377 1371 3438 proprie
1387 3376 1477 3425 salutis

417 3443 580 3500 immemores,
593 3441 660 3489 ultro
672 3457 697 3489 se
707 3441 815 3488 offerunt
827 3441 859 3488 ad
870 3441 1010 3500 interitum,
1022 3446 1049 3488 et
1057 3443 1103 3488 sibi
1111 3441 1253 3490 laventibus
1261 3441 1332 3489 ruine
1341 3441 1477 3490 consimilis

417 3511 506 3570 parunt
524 3507 684 3554 incentivum.
731 3507 795 3554 Srrne
813 3505 871 3554 licet
888 3506 976 3554 liniter
993 3506 1131 3554 willelmus
1148 3509 1179 3555 de
1197 3506 1330 3566 Crulrcrne‚
1343 3506 1427 3554 Abbas
1444 3507 1477 3554 de

418 3573 505 3631 Fordc,
518 3571 695 3634 cysterciensis
713 3570 820 3630 Ordinis,
833 3574 918 3618 nostre
935 3571 1052 3630 lliocesis,
1063 3575 1116 3619 tam
1133 3587 1177 3634 per
1193 3588 1238 3620 nos
1254 3587 1331 3635 qtram
1348 3587 1392 3634 per
1407 3571 1477 3630 nlius,

418 3636 560 3699 Apostolica
576 3641 603 3684 et
619 3635 742 3684 ordinaria
764 3635 913 3684 aircmritate
937 3637 1021 3696 fretos,
1039 3641 1140 3698 propter
1155 3637 1258 3685 offensas
1276 3637 1421 3684 manifestas
1448 3642 1476 3686 et

419 3701 599 3764 multiplicatas
626 3701 802 3761 contumacias,
821 3701 923 3764 Majoris
941 3701 1213 3750 Excommunicacionis
1235 3702 1341 3762 uinculo,
1360 3701 1475 3764 exigente

418 3766 526 3828 justicia,
543 3766 569 3814 in
589 3765 692 3814 diversis
711 3765 867 3828 temporibus
894 3766 993 3813 dudum
1021 3766 1162 3826 innodatus,
1180 3782 1208 3814 ac
1231 3767 1308 3814 eciam
1324 3766 1475 3815 auctoritate

420 3832 527 3880 canonis
549 3831 575 3878 in
598 3845 673 3894 quem
696 3829 785 3878 incidit
806 3831 882 3878 simili
904 3831 1031 3879 sentencia
1050 3831 1142 3894 ligatus
1158 3831 1277 3891 extiterit,
1305 3832 1372 3880 idem
1390 3831 1476 3880 Abbas

418 3896 602 3958 nichilominus,
625 3897 657 3944 ad
673 3895 859 3957 dampnacionis
876 3911 921 3944 sue
938 3896 1068 3944 cumulum
1091 3895 1116 3944 iu
1134 3896 1229 3944 malicia
1245 3912 1292 3944 sua
1307 3912 1474 3960 perseverans,

419 3961 619 4010 melediccicnem
631 3965 661 4009 nt
672 3976 763 4024 aquam
775 3961 859 4009 bibere
876 3976 926 4009 nou
944 3961 1059 4023 gravescit,
1072 3965 1098 4008 et
1109 3961 1256 4023 hujusmodi
1269 3962 1475 4011 Exoommunica-

418 4027 518 4075 cionum
537 4026 682 4075 Sentencias
699 4025 797 4074 diucius
814 4025 936 4074 sustinuit
952 4026 1034 4074 animo
1051 4025 1176 4086 indurato,
1188 4027 1295 4090 Gregem
1313 4026 1475 4076 Dominicnm

416 4089 546 4140 infruniu¹
557 4092 732 4140 communione
744 4107 788 4154 per
799 4091 897 4140 diversa
905 4091 957 4140 loca
969 4091 1090 4140 transiens
1098 4091 1238 4141 inficiendo.
1268 4093 1342 4154 cnm,
1354 4092 1438 4156 igitur,
1447 4091 1475 4141 in

578 4257 585 4296 ¹
601 4259 757 4328 limandus]
770 4262 877 4314 Insanus
890 4261 1025 4326 (D'Arnia).
