3304 4978
318 416 389 493 288
543 443 679 498 aranos
696 425 999 502 naoussconas’s
1018 449 1214 503 annianus.

862 601 923 667 ΙΙΙ.

316 724 430 808 [Vana
452 725 572 793 norw
595 728 708 794 Pruna
730 745 773 794 ac
796 731 962 796 Sannaus
985 731 1228 796 Furuaorosrs
1251 730 1462 796 Sancroaun

402 814 530 878 Ansxn
554 831 595 878 m
617 815 794 880 Josaurus
816 817 1019 902 Barrrsrna]

378 941 570 992 Matronianum
582 945 650 1006 quod
662 945 726 994 circa
737 945 822 994 Annos
835 946 936 995 Domini
949 947 1068 996 MGLXX
1079 953 1106 996 et
1118 947 1198 1011 Regni
1214 947 1288 1009 Regis
1300 947 1408 1006 Henrici,
1420 945 1464 994 lilii

412 1007 577 1070 Inperstricis,
590 1009 711 1070 XlJmtfflt
723 1009 748 1059 in
761 1015 873 1072 ternpore
890 1011 1065 1072 Bartholomei,
1078 1013 1195 1076 Episcopi
1207 1012 1361 1071 tironiensis,
1372 1010 1464 1060 Willel-

410 1087 468 1121 mus
487 1073 602 1135 Prodom,
625 1075 692 1124 filius
714 1075 848 1138 Ralulplri,
872 1077 1000 1125 Fundator
1024 1077 1159 1141 Hospitalis
1181 1078 1267 1128 Sancti
1289 1077 1372 1126 alexii
1398 1079 1464 1124 retro

411 1137 591 1188 Monasterium
608 1139 694 1189 Sancti
710 1140 831 1200 Nicholai,
842 1141 988 1204 impetravit
998 1147 1090 1191 terram
1101 1142 1147 1190 loci
1159 1142 1274 1206 ejusdam
1286 1141 1423 1204 Hospitalis
1433 1139 1464 1188 ab

411 1202 510 1252 Abbnte
526 1203 636 1252 Waltero
653 1205 738 1254 Sancti
756 1205 857 1254 Martini
873 1205 905 1254 ds
924 1207 991 1254 [tello
1007 1212 1033 1255 et
1049 1207 1105 1270 ejus
1124 1207 1263 1266 Conventa,
1276 1207 1336 1255 olim
1353 1210 1465 1255 vccatm

415 1267 534 1332 Illisbary.
570 1269 667 1318 Deinde
682 1269 714 1319 ab
730 1270 829 1319 Abbale
847 1271 940 1332 Odons,
952 1287 1010 1320 cum
1027 1273 1139 1334 predicte
1157 1271 1298 1331 conventu,
1310 1270 1466 1320 habuitccn·

413 1331 581 1382 firmacionem
593 1335 654 1384 dicti
666 1335 713 1383 loci
727 1335 864 1398 Hospitalis
881 1335 993 1398 predicti,
1011 1341 1042 1384 ut
1058 1336 1093 1384 sit
1109 1336 1173 1386 liber
1188 1341 1214 1386 et
1231 1336 1333 1400 quietus
1348 1335 1380 1384 ab
1397 1333 1466 1384 omni

411 1399 593 1447 consuetudine
604 1405 630 1448 et
640 1400 770 1449 exaccione
779 1415 786 1456 ;
804 1405 835 1448 ut
846 1405 917 1464 patet
927 1401 1031 1450 interius
1046 1418 1085 1451 :-

445 1479 665 1543 Sciantpresentes
677 1481 791 1531 etiuturi
799 1482 867 1545 quod
875 1497 920 1544 ego
933 1481 995 1541 Odo,
1007 1481 1054 1530 Dei
1067 1481 1149 1545 gracia
1159 1481 1244 1532 Abbas
1261 1481 1370 1532 Emissis
1380 1481 1466 1532 Sancti

413 1543 515 1594 Martini
526 1545 558 1594 de
569 1547 646 1607 Bello,
657 1561 779 1595 consensu
790 1551 817 1596 et
828 1547 958 1596 voluntate
972 1547 1053 1596 maius
1070 1549 1215 1597 Conventus
1225 1547 1339 1611 ejsudem
1351 1546 1465 1606 Ecclesia,

414 1611 524 1660 concemi
537 1612 670 1673 willelmo,
687 1612 738 1661 lilio
756 1611 889 1675 ltadulphi,
904 1617 1000 1675 partem
1014 1617 1081 1661 terra
1100 1613 1168 1662 illius
1184 1627 1261 1676 quam
1277 1611 1397 1675 Iussbay
1415 1611 1468 1674 (ric)

413 1681 510 1735 vocant,
522 1691 537 1725 a
547 1677 667 1741 superiori
678 1677 769 1740 angulo
780 1677 894 1740 ejusdem
906 1681 972 1726 terre
984 1680 1104 1740 usquead
1115 1677 1199 1726 locum
1207 1677 1306 1727 Adwini
1317 1675 1464 1741 carpentarii

412 1740 439 1789 in
450 1741 526 1790 teudo
537 1739 628 1803 tirma‚⁸
639 1756 683 1806 per
694 1743 822 1791 redditum
839 1743 866 1804 iij
879 1743 1016 1792 solidomm
1032 1759 1077 1806 per
1087 1758 1191 1802 annum,
1202 1743 1306 1792 liberam
1317 1747 1344 1791 et
1354 1741 1465 1806 quietam

412 1805 445 1854 ab
456 1807 524 1855 omni
541 1807 721 1856 consuetudine
731 1806 772 1856 vel
782 1807 918 1857 exaccione.
969 1807 1024 1856 Hoc
1035 1809 1113 1856 sciam
1123 1807 1281 1870 predecessor
1291 1822 1369 1868 mens,
1381 1806 1465 1856 Abbas

413 1871 546 1933 walterus,
565 1872 640 1922 Carta
656 1877 681 1921 et
701 1872 781 1936 sigillo
797 1888 843 1921 suo
860 1872 881 1920 ei
898 1871 1060 1921 confirmavit
1106 1873 1161 1921 Hoc
1176 1873 1219 1936 jus
1234 1877 1262 1920 et
1277 1872 1381 1921 feodum
1396 1871 1466 1920 istud

412 1939 498 1985 totum
512 1937 634 1986 concessit
649 1937 717 1986 idem
728 1937 877 1999 Willelmus,
888 1941 918 1986 et
926 1937 996 1986 dedit
1013 1937 1164 2000 pauperibus
1180 1937 1271 2000 egenis,
1282 1941 1309 1986 et
1320 1936 1411 1986 statuit
1427 1935 1466 1985 nte

412 2000 462 2049 illis
481 2017 534 2050 esse
554 2002 684 2065 Hospitale
702 2002 729 2051 in
748 2007 895 2066 perpetuam
913 2002 1080 2062 elemosinam,
1100 2018 1145 2065 pro
1164 2001 1246 2052 salute
1264 2002 1347 2051 anime
1366 2017 1418 2062 sue,
1440 2005 1466 2050 et

413 2065 579 2116 Dominorum
595 2071 623 2117 et
638 2068 775 2116 Parentum
791 2083 902 2128 suorum,
914 2071 941 2116 et
952 2067 1033 2117 tocius
1049 2067 1173 2128 Civitatis,
1190 2072 1217 2116 ct
1233 2067 1311 2116 eciam
1327 2081 1372 2130 pro
1386 2066 1466 2116 salust

413 2131 526 2180 omnium
543 2147 589 2194 pro
611 2132 703 2196 qulbus
725 2133 820 2181 bonum
842 2137 881 2182 est
903 2133 1063 2181 elemosinam
1079 2133 1145 2193 dare,
1168 2147 1269 2182 asserisu
1286 2137 1378 2181 nostra
1429 2131 1463 2180 Et

413 2196 494 2260 placet
500 2197 579 2257 nobis,
589 2198 699 2246 olrsunte
705 2197 830 2246 Willelmo
837 2199 956 2260 predicto,
964 2198 1003 2246 vel
1011 2197 1123 2246 arctioris
1131 2197 1183 2246 vite
1191 2197 1307 2246 habitum
1315 2199 1464 2255 assumente,

413 2261 453 2310 vel
470 2262 575 2324 predicti
592 2262 729 2325 Hospitalis
745 2263 848 2311 alterius
859 2263 982 2326 Propositi
993 2262 1124 2311 voluntate
1135 2277 1220 2312 curam
1231 2263 1369 2322 deserente,
1380 2261 1464 2310 nullus

412 2326 439 2375 in
455 2327 570 2390 ejusdem
587 2327 683 2376 Domus
699 2327 818 2391 regimine
834 2327 1012 2390 qualicumque
1028 2327 1123 2376 astucia
1139 2327 1178 2376 vel
1191 2327 1374 2391 cujuscumque
1385 2331 1465 2390 potes·

412 2391 479 2454 tatis!
487 2392 590 2440 arbitrio
604 2393 761 2456 subrogetur,
778 2397 817 2441 set
832 2407 908 2456 quern
923 2393 954 2440 ad
971 2392 1111 2441 custodiam
1130 2392 1207 2440 eciam
1226 2407 1366 2456 pauperum
1385 2391 1465 2450 cives,

410 2458 455 2519 qui
476 2473 517 2506 eos
544 2457 684 2507 elemosinis
705 2457 757 2506 suis
780 2457 947 2506 sustentaturi
968 2462 1037 2517 sunt,
1059 2457 1198 2506 secundum
1226 2457 1309 2505 Deum
1337 2456 1463 2519 elegerint,

411 2527 559 2585 querentem
578 2523 685 2572 salntem
706 2527 732 2571 et
751 2523 888 2571 utilitatem
905 2537 1050 2584 pauperum,
1068 2527 1095 2570 et
1110 2522 1137 2570 in
1154 2521 1271 2570 omnibus
1287 2536 1338 2570 non
1355 2537 1405 2584 qne
1420 2535 1466 2569 sua

410 2592 471 2636 sunt
481 2592 521 2636 set
531 2603 581 2652 qus
590 2588 638 2636 Ihu
648 2587 742 2636 Christi
749 2586 856 2636 fideliter
862 2588 1042 2636 attendentem
1072 2588 1120 2635 Pro
1127 2586 1180 2646 hac,
1188 2603 1253 2646 vero,
1262 2586 1378 2636 libertate
1385 2584 1466 2648 inper-

412 2658 518 2716 petuum
541 2653 661 2712 habenda
681 2652 831 2715 pauperibus
850 2652 921 2701 dedit
939 2652 1065 2715 predictus
1085 2650 1226 2700 Willelmus
1249 2651 1358 2700 Ecclesia
1379 2649 1465 2700 Sancti

413 2717 527 2766 Nicholai
550 2717 697 2767 Exoniensis
719 2724 811 2766 terrem
833 2732 910 2781 quam
934 2721 1004 2766 tenet
1026 2717 1151 2767 Robertus
1173 2715 1251 2776 Sclic;
1279 2716 1386 2765 reddam
1408 2715 1467 2764 inde

412 2782 550 2843 annuatim,
563 2787 610 2831 etc.

446 2864 481 2913 Et
492 2864 615 2928 posterius
626 2865 668 2913 isti
675 2865 775 2913 Fratres
784 2863 869 2913 Sancti
877 2863 959 2912 Alexii
967 2863 1118 2927 regebantur
1125 2878 1170 2926 per
1178 2861 1335 2925 Magistrum,
1344 2865 1466 2925 tanquam

413 2929 578 2992 Principalem
605 2929 657 2978 sive
680 2929 818 2992 capitalem
841 2930 1022 2991 Preoepterem,
1044 2928 1110 2977 sicut
1131 2931 1203 2991 patet
1224 2942 1269 2990 per
1291 2927 1392 2976 (lartum
1414 2941 1466 2976 xxx

412 2994 549 3043 solidorum
566 2994 680 3043 annualis
696 2993 810 3042 redditus
827 2994 858 3042 de
876 2994 1007 3043 Lamecote
1019 2997 1045 3042 et
1056 2992 1151 3050 Emilt3
1169 2991 1310 3042 etdnravit
1324 2991 1467 3054 predictum

413 3059 543 3122 Hospitsle
559 3075 603 3122 per
618 3059 748 3124 sexaginta
758 3063 784 3108 et
795 3059 881 3108 decem
898 3073 991 3116 annon
1009 3059 1083 3122 cujus
1100 3057 1220 3121 possessio
1236 3057 1288 3106 init
1305 3057 1428 3119 Hoparnq
1440 3061 1468 3105 et

411 3123 448 3187 iiij
461 3123 534 3173 solidi
544 3129 664 3173 exeuntes
675 3125 707 3172 de
718 3129 862 3174 tenemento
874 3123 965 3172 Prioris
976 3123 1101 3184 Tottoniq
1112 3127 1140 3172 et
1150 3127 1324 3171 tenementum
1335 3119 1434 3184 Plegbe.

446 3206 580 3264 Posterius.
592 3206 655 3256 circa
666 3207 770 3255 Annum
787 3205 889 3254 Domini
906 3205 1075 3254 MCCXLunm
1086 3209 1114 3252 et
1124 3203 1193 3268 regni
1210 3202 1284 3266 Regis
1301 3201 1410 3262 Henrici,
1422 3201 1468 3250 filii

414 3269 430 3320 J
433 3271 544 3332 ohannis,
552 3271 627 3334 Regis
635 3287 715 3334 nuper
722 3271 818 3334 Anglie,
828 3270 951 3333 xxiijmw,
961 3275 1073 3334 tempore
1079 3268 1197 3316 Willelmi
1206 3265 1341 3330 [Briwerei
1352 3267 1468 3331 Episcopi

413 3336 567 3414 tironiensis,
576 3337 628 3385 duo
637 3337 743 3412 Fratres,
751 3336 880 3413 Gilbertus
887 3335 995 3410 bongus,
1006 3335 1074 3410 tilius
1085 3333 1196 3410 quteri,
1208 3337 1234 3382 et
1243 3332 1377 3408 dohpnnes,
1389 3331 1467 3381 lister

412 3395 1278 3540 tttttt³tttit⁹tltl⁰⁰ltsstttlttffltttttt
1289 3397 1469 3521 &affl

413 3531 513 3580 marisia
526 3531 577 3592 (sic)
590 3547 635 3580 sua
646 3531 700 3580 Deo
708 3535 736 3580 et
743 3529 851 3581 Ecclesia
862 3529 975 3593 ejusdem
988 3528 1132 3592 Hospitalis,
1143 3529 1170 3576 in
1182 3542 1271 3592 puram
1282 3531 1309 3576 et
1319 3531 1466 3590 perpetuam

414 3595 591 3654 elemosinam
614 3600 640 3645 et
657 3595 780 3656 eciam,ex
791 3610 913 3644 consensu
933 3600 960 3642 et
979 3609 1080 3642 assensu
1098 3593 1199 3643 Civium
1214 3592 1325 3656 predicte
1342 3591 1465 3652 Civitatis,

412 3661 598 3710 transtulerunt
604 3661 777 3724 supradictum
790 3659 921 3722 Hospitale
929 3659 1015 3708 Sancti
1023 3658 1111 3718 alexii,
1123 3673 1182 3706 cum
1190 3657 1306 3706 omnibus
1317 3656 1466 3717 redditibus,

413 3726 520 3789 juribus,
532 3726 618 3786 leodis,
630 3731 657 3774 et
667 3725 891 3774 consuetudinibus
902 3723 983 3772 eidem
995 3723 1185 3786 pertinentibus,
1197 3723 1229 3770 ad
1241 3721 1371 3785 Hospitale
1382 3721 1468 3770 Sancti

414 3791 537 3840 Johannis
553 3791 674 3854 Baptista,
686 3792 717 3840 de
729 3805 793 3839 novo
805 3793 985 3849 constructum,
1002 3789 1028 3836 in
1042 3787 1253 3838 sustentacionsm
1268 3801 1406 3850 pauperum
1421 3785 1467 3835 ibi·

414 3857 472 3905 dem
496 3857 549 3904 Dec
577 3855 747 3904 servienciunn
799 3855 835 3903 Et
856 3869 931 3917 super
950 3853 996 3902 hoc
1017 3853 1217 3916 impetraverimt
1238 3851 1431 3900 ratifiescionem
1452 3866 1469 3900 a

414 3921 524 3970 Domino
539 3921 613 3984 Rege,
631 3921 747 3980 Henrico,
764 3919 815 3968 filio
831 3919 960 3975 iohannis,
973 3922 1003 3967 ut
1019 3923 1085 3966 esset
1099 3917 1169 3966 locus
1184 3915 1338 3980 Hospitalia;
1355 3919 1386 3964 ut
1395 3919 1468 3979 patet

414 4002 458 4050 per
478 3987 577 4036 Cartam
596 3985 702 4049 predicti
721 3985 794 4048 Regis
812 3983 920 4045 Henrici,
938 3984 983 4032 filii
1000 3983 1129 4033 Johannis.
1165 3983 1206 4044 Et,
1222 3981 1307 4042 eciam
1324 3980 1469 4030 habuerunt

314 4151 324 4186 ²
341 4156 402 4206 This
413 4156 556 4216 document,
566 4155 667 4204 written
676 4169 708 4202 on
717 4169 800 4218 paper,
812 4153 862 4202 will
894 4155 905 4186 ²
921 4153 947 4202 in
960 4153 1052 4216 Bishop
1065 4151 1225 4201 Grandison's
1236 4149 1414 4226 hpndwriting.

346 4221 378 4269 be
394 4220 474 4269 icuntl
493 4221 603 4270 stitched
619 4221 646 4269 in
662 4220 775 4270 between
791 4219 863 4268 lolios
897 4218 907 4251 ³
918 4218 993 4281 feudi
1016 4219 1100 4280 firma,
1122 4243 1155 4253 —
1175 4217 1276 4266 Loeabo
1299 4215 1331 4264 sd
1353 4213 1467 4274 lirmam3

347 4285 377 4343 17
389 4286 439 4334 and
451 4287 488 4342 18.
929 4283 997 4352 olim,
1010 4283 1024 4306 “
1035 4283 1077 4332 fiel
1088 4283 1167 4332 ferme
1177 4282 1190 4302 '¹
1202 4280 1342 4348 (ΝΜ).
