3304 4978
598 451 783 506 cennens
807 451 942 504 1unnx.
1284 426 1356 499 267

300 607 448 657 treverimus
459 607 484 656 in
497 622 587 656 manus
598 611 701 668 nostres,
714 611 740 656 et
751 605 798 656 snb
810 607 945 669 Seqncstro
954 610 1040 654 nostro
1050 605 1152 654 retineri
1161 603 1342 653 decreverimus

299 689 430 736 quousque
457 671 582 722 Mendetis
610 671 718 721 Ecclesie
745 677 849 734 pereant
873 671 1109 731 reverenter,-Nos
1136 670 1217 718 tocius
1244 667 1350 731 predicti

300 738 427 802 sequestri
440 737 586 792 Custodiam
598 737 688 786 dilecto
700 736 751 785 tilio
762 741 847 784 nostro
860 736 976 794 Ruberto,
989 735 1088 785 Pecmri
1102 735 1208 783 Ecclesie
1219 734 1251 782 dc
1263 733 1350 781 Monk-

299 805 471 862 0chmentone,
491 802 662 851 commisimus
680 807 706 850 et
725 801 915 861 committimus,
933 801 1013 849 eidem
1034 801 1195 863 injungentes
1217 803 1248 848 ut
1267 802 1350 847 totum

300 868 397 916 dictum
408 869 580 930 Sequestrnm‚
595 883 639 929 per
654 883 687 925 se,
700 866 739 914 vel
757 881 800 928 per
816 867 894 914 elium
911 866 950 914 vel
967 866 1035 924 elios,
1047 879 1124 928 quem
1135 865 1174 912 vel
1186 880 1248 926 qnos
1260 864 1292 912 ed
1304 863 1351 910 hoc

300 933 401 982 duxerit
411 933 586 995 deputandum
602 931 640 980 rel
654 931 818 993 deputandos,
831 931 899 979 selvo
916 931 1042 979 custodiet
1059 947 1103 978 sen
1123 930 1243 978 custodiri
1256 929 1349 985 fucint3

300 997 492 1048 contradictores
503 1002 531 1045 et
542 997 644 1046 rebelles
656 1010 840 1058 percensuram
859 995 1054 1044 Ecclesiasticem
1071 995 1254 1057 compescendo.
1290 993 1349 1050 Nos,

301 1068 393 1122 eutem,
411 1062 555 1112 Sentencies
568 1060 840 1109 Ercommunicscionis
852 1061 891 1108 rel
909 1060 1089 1122 Suspensionis,
1103 1060 1129 1108 in
1140 1065 1299 1108 contumaces
1311 1057 1351 1105 vel

301 1127 403 1176 rebelles
419 1127 451 1175 eb
470 1127 557 1175 eodem
573 1127 677 1176 Rcctore
691 1125 755 1174 letes
770 1125 919 1174 auctoritate
936 1130 1021 1172 nostru
1039 1125 1076 1172 vel
1094 1125 1216 1182 ferendus,
1231 1123 1350 1171 iecicmus

301 1192 477 1240 inviolabiliter
487 1191 749 1240 observari-Datum
760 1190 828 1253 epud
837 1191 958 1250 Teutone,
966 1205 1031 1238 euno
1042 1194 1069 1238 et
1079 1190 1121 1240 die
1131 1189 1281 1252 supradictis
1293 1203 1299 1248 ;
1312 1189 1351 1236 33.

291 1271 464 1358 Deposict'o
478 1270 652 1337 ,loscensis
668 1271 804 1348 occlto,
821 1270 960 1336 Attalis
977 1270 1178 1343 Tantuloobt'e
1189 1300 1241 1338 :-

272 1377 301 1425 In
320 1376 429 1426 Nomine
448 1375 558 1432 Domini,
580 1375 777 1424 Amen-Sicut
793 1375 919 1437 plantatos
934 1374 960 1423 in
977 1375 1086 1424 Emissis
1104 1375 1150 1423 Dei
1170 1374 1350 1423 fructificantes

302 1442 391 1490 decens
403 1447 441 1490 cst
452 1447 479 1490 et
490 1441 624 1490 honestum
641 1441 778 1500 confovere,
792 1445 828 1500 ut,
840 1441 972 1489 crescendo
988 1440 1094 1500 dileteti,
1112 1440 1235 1488 bonorum
1246 1455 1350 1502 operum

301 1507 400 1555 fructus
422 1507 515 1555 facient
536 1505 674 1568 ampliores,
698 1505 750 1567 peri
773 1505 873 1554 videtur
895 1505 992 1554 racione
1011 1521 1061 1553 non
1080 1505 1214 1553 minimum
1234 1504 1350 1566 expedire

304 1571 398 1620 enidos
411 1572 463 1632 (sic)
487 1575 514 1620 et
524 1571 700 1629 infructuosos,
712 1587 775 1632 quos
786 1569 855 1618 nulls
867 1569 960 1632 poterit
970 1569 1069 1618 culture
1080 1569 1211 1632 diligencia
1221 1569 1253 1618 ed
1265 1568 1352 1617 fructi-

303 1636 430 1686 ficandum
447 1636 587 1698 perducere,
606 1651 637 1683 ne
656 1635 778 1684 bonerum
796 1635 913 1684 arborum
933 1635 1016 1683 locum
1036 1635 1062 1683 in
1082 1649 1175 1683 venum
1190 1639 1320 1697 occupent,
1337 1649 1353 1681 e

305 1700 427 1764 planterio
454 1701 552 1749 Domus
575 1700 665 1748 Divino
688 1699 788 1763 penitus
810 1699 947 1762 extirpatus
969 1715 1046 1762 quem
1069 1699 1156 1762 procul
1178 1699 1307 1762 expellere,
1326 1697 1352 1746 in

304 1765 431 1814 doloribus
443 1769 469 1814 et
479 1765 602 1828 angustiis
619 1765 916 1814 concremendos—Sene
927 1779 985 1812 cum
1001 1780 1055 1825 nos,
1071 1764 1201 1826 Wnlterus,
1214 1764 1261 1812 Dei
1272 1763 1353 1826 grecie

305 1830 452 1880 Exoniensis
468 1830 614 1894 Episcopus,
631 1829 657 1878 in
674 1830 746 1878 vines
763 1829 865 1878 Domini
881 1834 957 1892 prout
973 1829 1114 1877 sollicitudo
1132 1829 1264 1878 Pastorelis
1275 1827 1354 1890 exigit

305 1895 453 1956 laborentes,
464 1894 635 1944 intelleximus
651 1895 719 1958 quod
736 1895 871 1954 Joheunes,
884 1895 967 1943 dictus
979 1894 1092 1952 (lhubbe,
1105 1894 1189 1943 Abbes
1204 1892 1353 1952 Teristokie,

306 1961 337 2008 ob
354 1959 499 2008 manifestes
516 1960 620 2008 offensus
631 1963 658 2008 et
669 1959 836 2008 contumacias
853 1959 952 2008 vinculo
971 1959 1071 2022 Majoris
1085 1958 1356 2008 Excommnnicecionie

305 2041 349 2088 per
358 2024 546 2074 commissarios
555 2029 653 2073 nostros
663 2029 729 2073 esset
737 2024 879 2084 innodetus,
892 2024 958 2072 idem
966 2023 1058 2084 libbe-s,
1070 2024 1096 2072 in
1108 2025 1197 2087 spiritu
1207 2023 1355 2083 devocionis,

308 2095 339 2138 ut
347 2089 488 2149 videbatur,
501 2089 533 2138 ed
544 2104 589 2138 nos
601 2088 709 2149 veniens,
721 2094 805 2137 rectus
816 2104 874 2137 suos
890 2103 1073 2151 recognoscens,
1085 2093 1111 2137 et
1122 2093 1217 2138 stetum
1230 2103 1313 2148 suum,
1325 2092 1357 2134 ut

306 2154 419 2214 assernit,
436 2153 539 2217 cupiens
556 2153 689 2214 emenderi,
701 2154 807 2216 prestito
823 2153 966 2216 juramento
978 2153 1107 2202 abeodem
1124 2153 1251 2217 corporali,
1264 2151 1354 2216 promi-

307 2219 367 2268 serit
378 2219 447 2283 quod
458 2235 533 2282 super
544 2219 669 2282 premissis
678 2217 841 2267 contumetiis
853 2223 879 2266 et
890 2218 988 2266 offensis
1000 2219 1032 2267 ed
1044 2218 1200 2266 voluntetem
1212 2223 1238 2266 et
1250 2218 1353 2266 Ordine-

307 2284 404 2333 cicnem
420 2288 539 2343 nestrum,
552 2284 605 2332 sine
616 2283 723 2346 strepitu
736 2283 855 2346 judiciali,
867 2283 1021 2332 satisfaceret
1031 2284 1063 2332 sd
1074 2283 1185 2346 plenum,
1198 2281 1357 2332 Ordinucioni

307 2354 391 2398 nostre
406 2349 456 2398 site
472 2353 499 2398 et
517 2349 586 2398 besse
601 2364 628 2397 ss
644 2354 734 2412 sponte
750 2347 941 2406 submittendo;
957 2347 1043 2396 volens
1058 2353 1085 2397 et
1095 2348 1231 2396 concedens
1242 2347 1318 2410 qnod,
1335 2347 1357 2396 si

307 2419 394 2464 contre
408 2413 535 2477 premisse,
553 2413 592 2462 vel
608 2413 692 2476 aliquo
703 2413 888 2476 premissorum,
905 2413 957 2461 ullo
969 2428 1080 2476 unquam
1093 2417 1205 2476 ternpore
1216 2412 1319 2474 veniret,
1331 2413 1357 2461 in

308 2479 440 2542 pristinem
452 2478 507 2555 ipso
521 2479 588 2528 fecto
598 2479 772 2528 retruderetur
788 2477 946 2528 Sentcncienr
959 2477 1246 2537 Excommunicscionis3
1264 2481 1296 2537 et,
1309 2477 1357 2526 hiis

307 2543 387 2604 fectis,
399 2544 431 2592 sd
443 2559 499 2607 ejus
510 2542 658 2594 instanciam
669 2543 753 2606 ipsum
764 2542 884 2592 duximus
894 2543 1084 2592 absolvendum.
1118 2543 1182 2605 lpse,
1195 2558 1259 2600 vero,
1272 2542 1357 2591 Abbus

308 2609 477 2670 postmodum,
496 2607 581 2656 enimc
605 2608 730 2666 indureto,
753 2607 821 2670 quod
844 2623 888 2670 per
906 2607 1079 2670 juramentum
1101 2607 1182 2656 fecere
1210 2607 1357 2670 promineret

308 2673 472 2722 irreverenter
487 2673 624 2736 edimlere
640 2674 808 2732 contempsit;
826 2673 1007 2735 propterquod
1024 2688 1068 2721 uos
1084 2673 1167 2736 ipsum
1185 2673 1210 2720 in
1226 2673 1357 2736 pristinem

308 2738 457 2788 retrusimus
466 2737 737 2788 Excommuuicecionis
746 2737 912 2798 Sentsncism,
923 2737 1154 2801 justicisexigente.
1174 2737 1230 2798 Qui,
1238 2738 1358 2800 temporis

307 2819 431 2866 processu,
448 2803 481 2852 sd
497 2802 614 2866 spiritum
634 2801 737 2852 senioris
753 2803 856 2860 cecilii,
874 2807 905 2850 ut
921 2802 1033 2862 asseruit,
1051 2803 1156 2862 rediens,
1174 2807 1201 2851 et
1216 2807 1303 2851 notem
1320 2803 1356 2849 in·

309 2867 451 2917 obediencie
462 2873 488 2916 et
499 2867 603 2930 perjurii
611 2883 656 2930 per
664 2867 834 2916 Ecclesiastico
844 2867 979 2930 Discipline
988 2867 1107 2916 meritum
1115 2867 1236 2916 redimere
1244 2867 1354 2930 cupiens,

308 2932 482 2982 Absolucionis
492 2931 646 2981 Beneficium
663 2933 787 2981 instanter
797 2932 844 2980 sibi
855 2947 871 2980 ιι
881 2931 953 2980 nobis
968 2932 1080 2995 impendi
1091 2931 1164 2995 petiit
1180 2931 1278 2981 iterato.
1313 2933 1354 2991 Et,

308 2998 368 3060 quie
378 2998 411 3046 ed
422 2997 619 3046 satisfaccionem
629 2997 779 3060 condignam
790 2996 966 3059 premissorum
984 3003 1045 3046 tunc
1057 2997 1159 3046 minime
1170 2997 1316 3056 sufficiebat,
1329 3003 1359 3046 ut

308 3061 381 3122 dixit,
409 3077 484 3125 snper
505 3061 623 3111 omnibus
649 3062 776 3125 premissis
798 3061 968 3121 contumetiis,
991 3061 1096 3122 offensis,
1119 3067 1146 3111 et
1173 3062 1357 3122 inobediendia,

310 3125 469 3186 ordinacioni,
485 3127 573 3190 grecie,
593 3131 620 3175 st
635 3127 761 3176 voluntati
778 3131 862 3175 nostre
881 3143 907 3176 se
925 3131 952 3175 et
971 3132 1067 3176 statum
1084 3141 1160 3175 suum
1176 3127 1227 3176 eltc
1246 3132 1273 3176 et
1288 3127 1358 3176 besse

310 3192 418 3241 secundo
435 3191 554 3241 submisit
568 3191 698 3248 absolute;
720 3197 753 3251 et,
770 3191 887 3254 inspectis
904 3191 1071 3241 Secrosenctis
1088 3192 1235 3255 Evangeliis,
1253 3193 1358 3255 prestito

309 3257 436 3306 abeodem
444 3256 543 3306 Abbste
551 3257 642 3306 iterato
649 3256 793 3320 juramento
800 3257 926 3319 corporsli,
936 3256 1051 3318 promisit
1062 3261 1088 3305 ct
1098 3273 1125 3306 se
1136 3261 1225 3320 sponte
1233 3257 1359 3320 obligauit,

310 3321 358 3371 sub
369 3321 455 3370 debito
463 3321 601 3385 juramenti
609 3321 716 3385 prestiti,
728 3323 795 3384 quod
807 3337 882 3384 super
890 3321 1015 3384 premissis
1026 3321 1143 3370 omnibus
1154 3326 1180 3370 st
1191 3322 1295 3385 singulis
1304 3337 1359 3371 nos·

311 3390 377 3436 trem
385 3385 543 3440 voluntatem
554 3401 599 3435 sen
605 3386 789 3436 ordinacionem
798 3387 903 3449 prescise
915 3385 968 3447 (sic)
980 3387 1083 3448 subiret,
1095 3392 1212 3448 servaret,
1219 3393 1245 3436 ct
1254 3393 1358 3448 teneret,

311 3467 356 3500 nec
375 3450 428 3500 ullo
441 3466 554 3514 unquem
570 3456 683 3515 tempore
698 3451 724 3499 in
739 3451 823 3514 aliquo
840 3451 1040 3512 contraveniret;
1060 3451 1152 3514 volens,
1170 3451 1254 3512 eciem,
1266 3457 1293 3502 et
1304 3467 1360 3502 eon·

311 3516 401 3565 cedens
420 3515 496 3580 quod,
513 3516 534 3564 si
548 3521 635 3565 contre
651 3517 777 3580 premisse,
795 3516 834 3564 vel
851 3517 953 3579 eliquod
968 3516 1153 3579 premissorum,
1168 3517 1360 3582 quoquomodo

311 3581 415 3642 renuet,
432 3581 488 3644 jure
505 3585 531 3630 et
546 3580 666 3644 regimine
682 3581 790 3630 Abbatie
807 3581 918 3643 predicte
929 3585 994 3630 esset
1010 3581 1122 3644 privatus
1133 3581 1187 3645 ipso
1197 3581 1272 3644 fecto,
1284 3587 1361 3646 prout

312 3645 358 3695 bec
377 3645 462 3694 omnis
478 3645 505 3694 in
526 3645 616 3695 Literis
633 3645 712 3709 ipsius
730 3646 836 3694 Abbstis
854 3645 952 3708 plenius
974 3646 1140 3697 continentur.
1198 3647 1273 3698 Unde
1291 3647 1359 3697 idem

312 3710 397 3760 Abbss
408 3710 456 3759 sub
467 3709 548 3760 fenne
558 3711 669 3774 predicte
680 3711 833 3760 Beneficium
844 3709 1017 3760 Absolucionis
1028 3712 1123 3761 meruit
1133 3711 1251 3776 optinere
1302 3713 1359 3762 Pre-

312 3775 388 3836 ietus,
400 3791 466 3836 vero,
478 3775 570 3834 Abbes,
582 3775 676 3854 proprii
686 3775 787 3824 honoris
798 3779 824 3824 et
835 3775 923 3824 salutis
934 3775 1073 3836 immemor,
1085 3781 1184 3827 rectum
1195 3777 1300 3841 perjurii
1310 3793 1362 3827 nou

312 3839 458 3900 formidans,
478 3840 546 3904 quod
566 3856 610 3904 per
629 3845 803 3904 juramentum
822 3841 903 3890 fecem
922 3841 1044 3904 promisit,
1060 3841 1119 3890 licet
1138 3841 1222 3906 sepius
1241 3842 1360 3900 monitus,

312 3903 484 3954 inobedienter
499 3905 636 3968 edimplers
656 3904 775 3968 neglexit.
829 3903 944 3968 Cumque
960 3907 1121 3968 postmodum
1136 3907 1168 3955 de
1187 3907 1241 3970 ipso
1254 3907 1361 3969 Abbius,

313 3983 363 4018 uns
373 3985 431 4020 cum
443 3969 576 4048 premissis,
590 3985 620 4019 es
630 3969 702 4019 nobis
712 3969 858 4033 frequenter
868 3970 995 4019 insinuate
1010 3971 1118 4020 fuissent
1129 3987 1179 4034 qne
1189 3972 1222 4020 eb
1232 3971 1364 4023 honestate

314 4035 419 4098 regulari
426 4034 535 4086 mminm
542 4034 711 4096 dissonebent,
719 4035 894 4098 frequentibus
905 4034 1088 4099 lidedignorum
1096 4037 1245 4086 clamoribus
1253 4037 1363 4100 excitati,

314 4102 340 4146 et
355 4115 399 4162 per
414 4099 549 4149 Monscbcs
561 4098 676 4162 ejusdcm
688 4099 832 4148 Monssterii
842 4100 966 4149 metentes
977 4100 1136 4163 interpellati,
1148 4101 1175 4150 in
1186 4101 1254 4150 dicto
1265 4101 1363 4152 Mones·

315 4163 376 4212 ferio
387 4164 537 4225 Tsvistokie,
544 4164 670 4214 associatis
682 4164 753 4214 nobie
764 4164 824 4214 viris
835 4164 964 4228 Religiosis
975 4165 1089 4229 ejusdem
1101 4165 1202 4216 Ordinis
1212 4171 1239 4215 et
1249 4165 1363 4230 eliorum,

315 4231 371 4277 tum
388 4245 432 4292 per
448 4245 502 4286 nos,
521 4245 579 4278 cum
596 4245 640 4292 per
655 4228 755 4278 clericos
772 4233 877 4291 nostros,
889 4229 993 4278 diensis
1004 4229 1108 4289 vicibus,
1120 4231 1201 4294 prime
1212 4231 1264 4280 vice
1275 4233 1364 4284 codem

315 4291 412 4344 Abbets
429 4299 552 4358 presente,
574 4293 683 4343 munds
703 4293 884 4344 contumaciter
901 4293 1012 4357 ebsents,
1029 4294 1062 4344 de
1083 4299 1153 4346 stetu
1172 4295 1234 4346 dicti
1250 4296 1358 4350 Abbstis
