3298 4984
645 439 819 494 emman
847 437 972 494 nvnax.
1340 422 1384 490 61

327 591 455 654 adornata,
481 593 698 658 indulgenciamm
724 607 828 658 quoque
858 594 1030 644 Romanorum
1057 593 1218 655 Pontificum,
1236 607 1332 642 necnon
1357 596 1384 642 et

326 657 434 708 aliorum
461 659 610 708 Sanctorum
631 660 736 709 Petrum
759 659 897 724 magnilica
925 660 1012 708 dotata
1036 658 1168 720 beneflciis,
1192 659 1384 708 succedentibus

328 727 472 786 temporum
483 724 610 773 curriculis
619 725 646 774 in
657 725 759 774 dotibus
770 725 850 788 lapsa,
859 724 988 787 cultuque
1000 724 1092 773 Divino
1103 725 1236 784 diminuta,
1244 739 1273 772 ac
1281 723 1386 787 pristina

328 788 451 850 dignitate
466 789 578 852 spoliata,
597 790 720 853 gemitum
736 790 853 839 columbe
873 805 918 853 pro
940 795 1016 838 cantu
1036 789 1155 839 emittens
1174 789 1305 839 exulatum
1328 789 1384 852 ejus

329 853 444 902 decorem
467 853 570 916 planctu
592 855 721 904 lacrimoso
736 855 859 918 deplorat,
883 855 1039 904 suvencionis
1056 855 1195 904 remedium
1217 853 1383 917 prestolando.

329 918 391 978 Nos,
402 918 487 981 igitur,
499 920 555 983 ejus
567 919 679 982 planctui
690 925 717 969 et
727 920 840 982 suspiriis
852 920 893 982 pio
905 920 1076 983 conpsoientes
1087 919 1186 976 affectu,
1204 935 1278 982 negas
1294 919 1303 967 i
1333 915 1382 968 ius¹

331 983 447 1032 salutaris
458 985 582 1046 unguenti
591 985 742 1034 recreatione
752 985 825 1034 linire
836 984 972 1048 cupientes,
984 989 1119 1034 extenuate
1127 985 1182 1048 ejus
1194 983 1287 1032 viscera
1315 984 1384 1032 ebito

330 1047 439 1097 filiorum
458 1065 565 1098 numero
583 1050 775 1099 misericorditer
793 1050 980 1114 impraegnando,
993 1065 1037 1098 sex
1057 1049 1179 1100 canonias
1196 1055 1222 1098 et
1242 1049 1383 1098 Prebendes

330 1113 463 1162 duodecim
471 1115 584 1176 antiquis
591 1115 652 1163 olim
659 1115 754 1163 ibidem
762 1115 929 1164 existentibus
937 1115 1035 1163 dudum
1044 1114 1205 1178 adjungendo
1213 1114 1385 1163 statuimuset

332 1179 467 1227 statuendo
480 1179 651 1242 adjunximus,
661 1180 798 1228 secuudum
812 1195 947 1228 numerum
959 1184 985 1228 et
996 1183 1092 1228 statum
1104 1179 1202 1228 dierum
1213 1179 1384 1242 antiquorum,

332 1248 359 1291 et
367 1243 502 1292 Ecclesiam
514 1245 546 1292 de
555 1245 923 1309 Eglosheyl,m1jueddvocaoio
933 1245 966 1294 ad
974 1260 1084 1293 meumm
1095 1245 1265 1308 Episoopelem
1273 1244 1385 1292 nosdtur

332 1309 463 1370 pertinere,
476 1309 558 1358 eidem
571 1310 678 1358 Ecclesia
691 1309 858 1358 Criditonensi
867 1309 982 1358 canonice
994 1310 1223 1386 appropriavimus3
1240 1309 1384 1358 ordinantes

332 1377 364 1421 ut
378 1373 470 1436 singuli
487 1390 531 1422 sex
549 1375 729 1424 canonicorum
745 1391 808 1438 quoe
827 1375 859 1423 de
877 1391 942 1423 novo
957 1389 1094 1424 creavimus
1103 1374 1212 1436 singulas
1227 1389 1270 1422 sex
1289 1389 1385 1422 marcas

333 1453 436 1498 annum,
448 1444 475 1488 et
485 1439 579 1502 singuli
590 1441 724 1488 eorundem
745 1440 899 1489 Vicus-iorum
918 1439 1028 1503 singulos
1047 1439 1135 1502 viginti
1154 1439 1321 1496 solidescunt
1332 1437 1385 1487 aliis

333 1503 465 1552 duodecim
488 1505 598 1564 Vicariis,
616 1505 778 1554 conferendos
800 1505 900 1554 nomine
926 1505 1054 1554 Probanda
1076 1509 1103 1554 et
1123 1504 1226 1564 Vicarie,
1248 1503 1386 1567 percipiant

333 1569 473 1618 annuatim.
487 1567 605 1628 Verum,'
614 1569 673 1634 quia
681 1569 776 1633 prolate
786 1570 894 1619 Ecclesie
902 1571 934 1618 de
942 1569 1074 1633 Eglosheyl
1086 1569 1201 1618 redditus
1212 1574 1238 1618 ut
1249 1573 1386 1632 proventus

334 1633 366 1681 ed
377 1649 452 1682 onera
468 1634 594 1682 dictarum
610 1651 654 1683 sex
671 1635 858 1684 Prsbenderum
874 1651 924 1684 non
941 1635 1077 1695 sufficiunt,
1089 1635 1194 1684 undem
1206 1633 1342 1683 Ecclesiam
1352 1634 1385 1682 ad

334 1698 468 1759 antiquum
481 1703 578 1748 statum
589 1701 743 1760 reducentes,
756 1705 785 1748 ut
797 1705 887 1749 auctus
899 1699 1079 1750 canonicorum
1090 1715 1211 1749 numerus
1222 1699 1254 1748 de
1265 1699 1386 1748 sufficien-

335 1763 404 1812 tibue
415 1768 441 1812 et
452 1765 527 1813 certis
538 1765 700 1826 proventibus
711 1781 783 1814 sunm
795 1765 933 1828 percipiant
944 1765 1096 1826 Poroionem,
1108 1765 1161 1814 loco
1179 1764 1258 1827 ipsius
1278 1763 1386 1812 Ecclesia

335 1829 367 1876 de
378 1828 513 1893 Euloeheyl
527 1830 651 1878 Ecclesian
671 1830 702 1878 de
724 1831 877 1890 lannante(
895 1829 901 1840 '
914 1833 936 1890 ),
954 1829 1029 1893 cujus
1047 1831 1245 1879 Advoceoionem
1257 1843 1316 1878 oum
1330 1829 1387 1894 ejus

335 1893 477 1956 apendiciis,
497 1895 613 1943 videlieet
632 1911 714 1944 annua
726 1895 844 1958 pensione
861 1895 965 1958 triginta
981 1895 1118 1944 solidorum
1132 1908 1163 1943 ex
1174 1895 1240 1944 dono
1251 1899 1278 1944 et
1288 1909 1385 1943 concu-

335 1957 404 2007 sione
412 1959 561 2008 dilectorum
568 1959 675 2009 filiorum
685 1961 777 2009 Primis
792 1965 819 2009 et
829 1961 973 2010 Conventus
980 1961 1012 2008 de
1020 1959 1166 2024 Triordnayt
1175 1957 1387 2025 [Tyvvardreath],

334 2025 451 2074 canonice
466 2024 654 2086 adquisivimus,
669 2041 718 2088 que
733 2027 765 2074 ad
777 2030 889 2074 nostram
904 2029 1001 2088 spectat
1019 2025 1185 2086 mundonem,
1197 2040 1255 2074 cum
1270 2023 1388 2074 omnibus

334 2090 366 2137 ad
378 2105 433 2137 eam
440 2089 619 2152 spectantibus,
628 2091 765 2139 immunem
775 2095 802 2139 et
809 2091 921 2153 quietam
930 2106 946 2138 a
957 2090 1109 2154 prestseione
1120 2091 1245 2166 pensionis
1252 2089 1387 2152 antedicta,

335 2154 445 2202 Eoelesie
467 2153 634 2204 Griditonensi
665 2161 692 2205 et
721 2155 835 2219 ejusdem
864 2155 922 2204 Loci
945 2155 1083 2214 canonicis,
1106 2155 1255 2204 dilectorum
1277 2155 1386 2206 liliorum

335 2217 431 2267 Decani
445 2225 472 2268 et
490 2220 601 2282 Capituli
617 2221 694 2270 nostri
707 2221 855 2270 Exoniensis
871 2220 903 2268 ad
920 2219 967 2269 hoo
981 2221 1114 2270 accedente
1129 2235 1250 2270 consensu
1266 2219 1386 2284 legitimo,

336 2299 380 2346 pro
392 2285 472 2333 salute
483 2285 566 2333 anime
577 2291 660 2334 nostre
672 2291 698 2334 et
709 2287 849 2334 eniurarum
864 2289 1048 2334 antecessorum
1061 2290 1211 2347 nostrorum,
1223 2285 1386 2334 attestacione

336 2349 458 2411 presentis
480 2351 609 2412 Scriptura
630 2351 829 2414 appropriaciune
850 2355 969 2413 perpetua
985 2351 1155 2414 adjungimus,
1177 2355 1204 2400 et
1225 2349 1388 2414 adjunctione

336 2415 452 2463 canonica
470 2415 625 2464 adnectendo
641 2415 834 2464 irrevocabiliter
850 2415 1045 2478 appropriamus,
1057 2415 1083 2463 in
1099 2415 1210 2478 proprios
1225 2431 1293 2472 usim,
1331 2415 1388 2464 leno

335 2480 392 2542 jure
412 2484 533 2543 perpetuo
552 2480 745 2542 possidendam
763 2481 831 2528 salva
854 2480 1006 2542 competenti
1026 2479 1129 2540 Vicaris,
1150 2481 1174 2528 iu
1198 2485 1253 2530 toto
1269 2480 1312 2528 alt'
1356 2481 1385 2540 'o,

335 2545 438 2593 decimis
452 2545 558 2607 piscium
571 2561 690 2608 agnorum
702 2552 729 2594 et
740 2546 795 2594 lune
804 2546 938 2594 dumtaxat
949 2545 1064 2607 exceptis,
1078 2561 1108 2594 ex
1123 2551 1208 2593 nostre
1225 2545 1388 2594 ordinacione

335 2609 493 2668 consistente,
509 2625 554 2672 per
568 2625 613 2658 uos
628 2617 654 2659 et
668 2627 820 2660 suoeeseores
840 2615 938 2658 nostroe
957 2610 1060 2673 ydoneis
1073 2611 1194 2670 Potionis,
1211 2611 1294 2660 omnia
1313 2626 1388 2660 onere

335 2675 459 2722 ordinaria
472 2674 558 2723 debita
576 2680 602 2722 et
617 2681 734 2724 consueta
753 2679 875 2739 perpetuo
893 2676 1090 2738 agnoscentibus,
1103 2677 1219 2724 canonice
1229 2676 1385 2728 conferenda.

336 2740 413 2788 Porro
436 2754 513 2787 unam
533 2755 613 2788 aarum
635 2741 798 2803 anglicanam
820 2741 929 2788 terrain
948 2741 1013 2788 Villa
1033 2740 1206 2802 dePenbegel,
1223 2757 1272 2804 que
1290 2741 1387 2804 vulgari

336 2805 464 2868 ydiomate
482 2841 587 2854 .....
607 2803 717 2866 'dicitur,
727 2813 754 2854 et
760 2821 837 2868 quam
847 2821 876 2854 cx
884 2805 949 2854 dono
958 2811 985 2854 et
991 2805 1146 2854 concessione
1157 2806 1283 2854 dictorum
1295 2806 1387 2856 Prioris

337 2875 364 2918 et
376 2870 528 2929 Conventus,
538 2875 569 2918 ut
580 2871 739 2933 prediximus,
753 2885 804 2919 uuo
815 2885 872 2918 oiim
891 2871 987 2932 prelata
999 2871 1170 2919 Advocaoione
1181 2871 1280 2920 dudum
1291 2871 1387 2920 luimus

337 2935 451 2995 assecuti,
469 2939 496 2982 st
512 2935 594 2998 ipsum
610 2936 652 2998 jus
670 2940 818 2998 patronatus
841 2935 868 2983 in
893 2935 993 2998 signum
1018 2935 1088 2984 tituli
1113 2936 1199 2995 nostri,
1217 2937 1386 2998 proteocionis,

337 3000 463 3060 warantis,
475 3015 519 3048 eeu
531 3000 681 3050 detensionis
692 3005 784 3060 nostre,
796 3000 868 3048 nobis
879 3005 906 3049 et
917 3001 1098 3049 successoribus
1109 3016 1269 3051 reservamus
1304 3001 1386 3050 Adici·

336 3065 401 3112 endo
422 3080 523 3126 quoque
550 3065 686 3113 statuimus
708 3071 735 3114 et
761 3065 896 3114 statuendo
924 3065 1067 3114 ordinamus
1096 3069 1125 3114 ut
1150 3066 1319 3129 predictorum
1344 3083 1388 3117 sex

336 3129 518 3178 canonicorum
559 3129 693 3190 Prebende,
728 3135 755 3178 et
795 3131 940 3179 eorumdem
979 3129 1133 3179 vicariorum
1174 3131 1305 3180 Porciones
1345 3147 1389 3194 per

337 3209 426 3243 munus
449 3195 604 3243 Precenioris
632 3195 828 3244 cridiatonensie
855 3195 899 3257 qui
927 3211 971 3258 pro
998 3199 1111 3258 tempore
1137 3195 1223 3257 fuerit,
1250 3197 1389 3246 dummodo

337 3259 499 3322 personaliter
516 3259 630 3318 resideat,
653 3260 763 3322 alioquin
782 3276 826 3323 per
844 3275 933 3308 manus
952 3259 1059 3324 alicujus
1082 3260 1200 3310 canonici
1218 3261 1356 3322 residentis,
1374 3277 1389 3311 a

337 3325 526 3374 communitate
535 3325 660 3384 Fratrum,
672 3325 704 3373 de
713 3330 798 3374 nostra
809 3331 836 3373 et
847 3341 1016 3374 successomm
1024 3330 1166 3374 nostrorum
1178 3326 1344 3386 connivsnoia,
1356 3327 1389 3376 ad

338 3389 384 3438 boc
395 3389 519 3452 deputati,
531 3390 563 3438 ad
581 3395 690 3452 quatuor
706 3390 765 3438 anni
785 3389 904 3438 terminos
921 3389 1075 3454 principales,
1093 3391 1195 3454 prelatis
1216 3391 1345 3440 canonicis
1362 3397 1388 3442 et

308 3511 312 3520 ‚
337 3455 441 3504 Vican'is
452 3455 583 3503 annuatim
593 3455 778 3504 distribuentur
790 3471 796 3514 ;
816 3455 944 3504 residuum
956 3471 1014 3503 vero
1023 3461 1191 3518 proventuum
1202 3456 1269 3504 dicte
1281 3455 1389 3506 Ecclesia

337 3521 367 3568 dc
379 3521 492 3569 buente
509 3521 535 3568 iu
556 3521 692 3568 cotidianas
711 3519 901 3569 diatribucionss
919 3519 1101 3569 canonicorum
1119 3520 1283 3569 residentium
1295 3521 1390 3572 futuris

338 3585 494 3649 temporibus
516 3585 670 3648 msignsmus
693 3591 814 3648 perpetuo
837 3585 1040 3634 convertendum.
1091 3585 1119 3634 Si
1146 3601 1195 3648 qua
1219 3586 1390 3636 Ecclesiastico

336 3651 484 3700 secularisve
495 3665 599 3712 pereum
610 3651 674 3698 huno
693 3663 777 3700 nostre
794 3649 1003 3713 appropriacionis
1017 3665 1060 3698 seu
1082 3650 1256 3700 oonceeesionis
1274 3651 1389 3714 paginam

336 3716 526 3778 infringere,seu
534 3715 629 3777 prelato
635 3715 814 3766 Criditoneuais
822 3713 930 3762 Ecclesia
938 3715 996 3778 jura
1003 3715 1148 3777 perturbare
1156 3721 1202 3763 aut
1207 3716 1318 3764 minuere
1326 3731 1390 3766 ausu

336 3781 467 3829 temerario
480 3781 665 3843 presumpserit,
677 3781 698 3830 si
709 3781 820 3830 secundo
831 3779 938 3828 terciove
956 3779 1053 3828 monita
1063 3795 1113 3828 non
1125 3779 1263 3842 resipuerit,
1275 3779 1390 3830 maledic·

336 3847 429 3895 cionem
444 3847 490 3894 Dei
504 3846 695 3908 Omnipoteutls,
708 3847 822 3898 Glorioso
833 3844 943 3907 Virginis
955 3843 1040 3900 Mario,
1050 3844 1220 3906 Omniumque
1234 3845 1392 3908 Sanctorum,

336 3919 362 3960 ct
373 3919 485 3961 nostrum
497 3927 524 3959 ee
544 3911 640 3960 noverit
659 3911 824 3969 incursuram,
845 3914 871 3957 et
888 3927 903 3958 a
919 3907 1082 3958 Sanctissimo
1099 3909 1207 3972 Corpore
1223 3913 1249 3956 et
1266 3909 1393 3971 Sanguine

337 3979 437 4026 Domini
455 3977 501 4025 liat
519 3975 615 4023 aliena:
632 3980 733 4042 cunctis,
752 3981 848 4034 autem,
866 3973 947 4022 eidem
965 3973 1031 4021 Loco
1048 3987 1093 4021 saia
1109 3974 1166 4036 jura
1185 3971 1342 4020 servantibus
1360 3975 1395 4024 sit

337 4045 386 4094 Pax
400 4041 505 4094 Domini
516 4041 596 4089 nostri
608 4041 623 4090 J
626 4041 684 4092 hesu
698 4042 803 4102 Christi,
817 4040 937 4103 quatinus
954 4038 995 4086 hic
1012 4036 1125 4086 fructum
1142 4039 1206 4086 bone
1223 4035 1328 4084 accionis
1339 4053 1394 4099 per·

236 4189 243 4221 ¹
264 4191 306 4239 Sec
317 4197 373 4241 note
385 4191 422 4254 (¹),
434 4205 502 4258 page
516 4187 555 4234 62.
823 4184 834 4216 ³
850 4185 931 4234 'l'hese
952 4179 1035 4230 words
1053 4195 1094 4229 are
1114 4181 1227 4245 illegible.
1262 4177 1333 4240 They
1345 4179 1397 4230 look

234 4256 245 4286 ²
272 4252 788 4316 l'erum—lntbemargin,“liotn;cn'di·
857 4247 1124 4300 liee⁴‘aerramamt.·¹

269 4317 551 4378 tone—Lanante—-laic
559 4316 572 4336 ’'
585 4317 764 4390 (oronam),
