<?xml version="1.0" encoding="UTF-8"?>
<!DOCTYPE html PUBLIC "-//W3C//DTD XHTML 1.0 Transitional//EN"
    "http://www.w3.org/TR/xhtml1/DTD/xhtml1-transitional.dtd">
<html xmlns="http://www.w3.org/1999/xhtml" xml:lang="en" lang="en">
 <head>
  <title>
</title>
<meta http-equiv="Content-Type" content="text/html;charset=utf-8" />
  <meta name='ocr-system' content='tesseract 3.04.00' />
  <meta name='ocr-capabilities' content='ocr_page ocr_carea ocr_par ocr_line ocrx_word'/>
</head>
<body>
  <div class='ocr_page' id='page_1' title='image "./registerswalter00hinggoog_0095.png"; bbox 0 0 3298 4984; ppageno 0'>
   <div class='ocr_carea' id='block_1_1' title="bbox 605 423 1350 490">
    <p class='ocr_par' dir='ltr' id='par_1_1' title="bbox 605 423 1350 490">
     <span class='ocr_line' id='line_1_1' title="bbox 605 423 1350 490; baseline 0.007 -5"><span class='ocrx_word' id='word_1_1' title='bbox 605 432 791 486; x_wconf 71' lang='lat' dir='ltr'>casanae</span> <span class='ocrx_word' id='word_1_2' title='bbox 817 432 948 486; x_wconf 82' lang='lat' dir='ltr'>mnsx.</span> <span class='ocrx_word' id='word_1_3' title='bbox 1305 423 1350 490; x_wconf 84' lang='lat'>53</span> 
     </span>
    </p>
   </div>
   <div class='ocr_carea' id='block_1_2' title="bbox 190 581 1345 3192">
    <p class='ocr_par' dir='ltr' id='par_1_2' title="bbox 190 581 464 662">
     <span class='ocr_line' id='line_1_2' title="bbox 190 581 464 662; baseline 0.015 -14"><span class='ocrx_word' id='word_1_4' title='bbox 190 581 464 662; x_wconf 71' lang='lat' dir='ltr'>Convocatiom—</span> 
     </span>
    </p>

    <p class='ocr_par' dir='ltr' id='par_1_3' title="bbox 269 686 1345 778">
     <span class='ocr_line' id='line_1_3' title="bbox 269 686 1345 778; baseline 0.007 -27"><span class='ocrx_word' id='word_1_5' title='bbox 269 686 380 754; x_wconf 79' lang='lat' dir='ltr'>litera</span> <span class='ocrx_word' id='word_1_6' title='bbox 391 711 465 775; x_wconf 74' lang='lat' dir='ltr'>pro</span> <span class='ocrx_word' id='word_1_7' title='bbox 482 687 656 754; x_wconf 74' lang='lat' dir='ltr'>emanent</span> <span class='ocrx_word' id='word_1_8' title='bbox 672 688 829 756; x_wconf 82' lang='lat' dir='ltr'>utilitate</span> <span class='ocrx_word' id='word_1_9' title='bbox 841 689 982 756; x_wconf 66' lang='lat' dir='ltr'>aetate</span> <span class='ocrx_word' id='word_1_10' title='bbox 996 697 1025 756; x_wconf 86' lang='lat' dir='ltr'>et</span> <span class='ocrx_word' id='word_1_11' title='bbox 1037 689 1148 777; x_wconf 70' lang='lat' dir='ltr'>Requi</span> <span class='ocrx_word' id='word_1_12' title='bbox 1160 691 1345 778; x_wconf 70' lang='lat' dir='ltr'>Accptae:-</span> 
     </span>
    </p>

    <p class='ocr_par' dir='ltr' id='par_1_4' title="bbox 252 793 1343 3192">
     <span class='ocr_line' id='line_1_4' title="bbox 252 793 1343 858; baseline 0.005 -18"><span class='ocrx_word' id='word_1_13' title='bbox 252 796 320 840; x_wconf 78' lang='lat' dir='ltr'>Annc</span> <span class='ocrx_word' id='word_1_14' title='bbox 331 795 430 853; x_wconf 79' lang='lat' dir='ltr'>colem,</span> <span class='ocrx_word' id='word_1_15' title='bbox 443 809 477 842; x_wconf 86' lang='lat' dir='ltr'>ex</span> <span class='ocrx_word' id='word_1_16' title='bbox 495 793 609 842; x_wconf 77' lang='lat' dir='ltr'>condicto</span> <span class='ocrx_word' id='word_1_17' title='bbox 626 794 728 858; x_wconf 87' lang='lat' dir='ltr'>majoris</span> <span class='ocrx_word' id='word_1_18' title='bbox 746 795 826 857; x_wconf 85' lang='lat' dir='ltr'>partis</span> <span class='ocrx_word' id='word_1_19' title='bbox 838 795 996 843; x_wconf 85' lang='lat' dir='ltr'>Prelatorum</span> <span class='ocrx_word' id='word_1_20' title='bbox 1008 795 1194 845; x_wconf 69' lang='lat' dir='ltr'><strong>cantuariensis</strong></span> <span class='ocrx_word' id='word_1_21' title='bbox 1206 797 1343 855; x_wconf 80' lang='lat' dir='ltr'>Provincia,</span> 
     </span>
     <span class='ocr_line' id='line_1_5' title="bbox 284 858 1342 925; baseline 0.004 -19"><span class='ocrx_word' id='word_1_22' title='bbox 284 858 410 907; x_wconf 74' lang='lat' dir='ltr'>londonie</span> <span class='ocrx_word' id='word_1_23' title='bbox 431 863 648 920; x_wconf 82' lang='lat' dir='ltr'>congregatorum,</span> <span class='ocrx_word' id='word_1_24' title='bbox 671 861 703 908; x_wconf 86' lang='lat' dir='ltr'>ad</span> <span class='ocrx_word' id='word_1_25' title='bbox 722 875 883 908; x_wconf 90' lang='lat' dir='ltr'>communem</span> <span class='ocrx_word' id='word_1_26' title='bbox 901 861 1071 908; x_wconf 75' lang='lat' dir='ltr'><strong>defensionem</strong></span> <span class='ocrx_word' id='word_1_27' title='bbox 1091 862 1198 910; x_wconf 67' lang='lat' dir='ltr'>Ecclesia</span> <span class='ocrx_word' id='word_1_28' title='bbox 1218 867 1243 910; x_wconf 86' lang='lat' dir='ltr'>ct</span> <span class='ocrx_word' id='word_1_29' title='bbox 1265 863 1342 925; x_wconf 88' lang='lat' dir='ltr'>Regni</span> 
     </span>
     <span class='ocr_line' id='line_1_6' title="bbox 282 923 1341 988; baseline 0.005 -18"><span class='ocrx_word' id='word_1_30' title='bbox 282 923 376 985; x_wconf 76' lang='lat' dir='ltr'>Anglie,</span> <span class='ocrx_word' id='word_1_31' title='bbox 398 924 434 971; x_wconf 87' lang='lat' dir='ltr'>ad</span> <span class='ocrx_word' id='word_1_32' title='bbox 453 923 566 985; x_wconf 86' lang='lat' dir='ltr'>singulas</span> <span class='ocrx_word' id='word_1_33' title='bbox 584 924 706 988; x_wconf 75' lang='lat' dir='ltr'>Dyooeses</span> <span class='ocrx_word' id='word_1_34' title='bbox 725 925 836 986; x_wconf 88' lang='lat' dir='ltr'>quedam</span> <span class='ocrx_word' id='word_1_35' title='bbox 857 925 940 973; x_wconf 80' lang='lat' dir='ltr'>Litere</span> <span class='ocrx_word' id='word_1_36' title='bbox 962 931 1116 974; x_wconf 82' lang='lat' dir='ltr'>emanarunt</span> <span class='ocrx_word' id='word_1_37' title='bbox 1163 929 1197 974; x_wconf 84' lang='lat' dir='ltr'>Et</span> <span class='ocrx_word' id='word_1_38' title='bbox 1216 925 1341 976; x_wconf 87' lang='lat' dir='ltr'>Dominus</span> 
     </span>
     <span class='ocr_line' id='line_1_7' title="bbox 284 987 1341 1050; baseline 0.006 -15"><span class='ocrx_word' id='word_1_39' title='bbox 284 988 431 1036; x_wconf 77' lang='lat' dir='ltr'>Exoniensis</span> <span class='ocrx_word' id='word_1_40' title='bbox 438 988 540 1050; x_wconf 84' lang='lat' dir='ltr'>scripsit</span> <span class='ocrx_word' id='word_1_41' title='bbox 548 987 595 1036; x_wconf 80' lang='lat' dir='ltr'>sub</span> <span class='ocrx_word' id='word_1_42' title='bbox 606 989 652 1036; x_wconf 87' lang='lat' dir='ltr'>bac</span> <span class='ocrx_word' id='word_1_43' title='bbox 663 989 744 1037; x_wconf 85' lang='lat' dir='ltr'>iorma</span> <span class='ocrx_word' id='word_1_44' title='bbox 758 1007 763 1038; x_wconf 91' lang='lat'>:</span> <span class='ocrx_word' id='word_1_45' title='bbox 775 990 909 1048; x_wconf 79' lang='lat' dir='ltr'>walterus,</span> <span class='ocrx_word' id='word_1_46' title='bbox 921 990 1080 1038; x_wconf 88' lang='lat' dir='ltr'>miseracione</span> <span class='ocrx_word' id='word_1_47' title='bbox 1092 991 1182 1039; x_wconf 83' lang='lat' dir='ltr'>Divina</span> <span class='ocrx_word' id='word_1_48' title='bbox 1196 992 1341 1041; x_wconf 76' lang='lat' dir='ltr'>linoniensis</span> 
     </span>
     <span class='ocr_line' id='line_1_8' title="bbox 285 1053 1340 1118; baseline 0.005 -18"><span class='ocrx_word' id='word_1_49' title='bbox 285 1053 429 1115; x_wconf 82' lang='lat' dir='ltr'>Episcopus,</span> <span class='ocrx_word' id='word_1_50' title='bbox 453 1053 546 1101; x_wconf 89' lang='lat' dir='ltr'>dilecto</span> <span class='ocrx_word' id='word_1_51' title='bbox 568 1053 618 1100; x_wconf 89' lang='lat' dir='ltr'>lilio</span> <span class='ocrx_word' id='word_1_52' title='bbox 642 1053 761 1116; x_wconf 74' lang='lat' dir='ltr'>Magistro</span> <span class='ocrx_word' id='word_1_53' title='bbox 784 1055 812 1103; x_wconf 84' lang='lat' dir='ltr'>R</span> <span class='ocrx_word' id='word_1_54' title='bbox 835 1055 967 1113; x_wconf 83' lang='lat' dir='ltr'>Eversrde,</span> <span class='ocrx_word' id='word_1_55' title='bbox 989 1055 1093 1104; x_wconf 85' lang='lat' dir='ltr'>Officiali</span> <span class='ocrx_word' id='word_1_56' title='bbox 1113 1061 1205 1116; x_wconf 86' lang='lat' dir='ltr'>nostro,</span> <span class='ocrx_word' id='word_1_57' title='bbox 1226 1057 1340 1118; x_wconf 84' lang='lat' dir='ltr'>salutem,</span> 
     </span>
     <span class='ocr_line' id='line_1_9' title="bbox 284 1117 1341 1184; baseline 0.005 -20"><span class='ocrx_word' id='word_1_58' title='bbox 284 1119 398 1178; x_wconf 71' lang='lat' dir='ltr'>garciam,</span> <span class='ocrx_word' id='word_1_59' title='bbox 427 1123 455 1166; x_wconf 88' lang='lat' dir='ltr'>et</span> <span class='ocrx_word' id='word_1_60' title='bbox 482 1117 689 1166; x_wconf 79' lang='lat' dir='ltr'>benediccionem.</span> <span class='ocrx_word' id='word_1_61' title='bbox 736 1119 801 1167; x_wconf 88' lang='lat' dir='ltr'>Cum</span> <span class='ocrx_word' id='word_1_62' title='bbox 830 1119 911 1167; x_wconf 85' lang='lat' dir='ltr'>multa</span> <span class='ocrx_word' id='word_1_63' title='bbox 936 1120 988 1167; x_wconf 86' lang='lat' dir='ltr'>fieri</span> <span class='ocrx_word' id='word_1_64' title='bbox 1011 1121 1190 1182; x_wconf 80' lang='lat' dir='ltr'>prohilsnntur</span> <span class='ocrx_word' id='word_1_65' title='bbox 1216 1123 1341 1184; x_wconf 80' lang='lat' dir='ltr'>quentiae</span> 
     </span>
     <span class='ocr_line' id='line_1_10' title="bbox 285 1183 1341 1247; baseline 0.007 -19"><span class='ocrx_word' id='word_1_66' title='bbox 285 1183 404 1230; x_wconf 86' lang='lat' dir='ltr'>utilitatis</span> <span class='ocrx_word' id='word_1_67' title='bbox 423 1199 499 1231; x_wconf 85' lang='lat' dir='ltr'>causa</span> <span class='ocrx_word' id='word_1_68' title='bbox 518 1187 545 1230; x_wconf 88' lang='lat' dir='ltr'>et</span> <span class='ocrx_word' id='word_1_69' title='bbox 562 1183 715 1232; x_wconf 82' lang='lat' dir='ltr'>necessitatis</span> <span class='ocrx_word' id='word_1_70' title='bbox 734 1184 846 1243; x_wconf 84' lang='lat' dir='ltr'>urgentis</span> <span class='ocrx_word' id='word_1_71' title='bbox 863 1185 969 1232; x_wconf 88' lang='lat' dir='ltr'>articulo</span> <span class='ocrx_word' id='word_1_72' title='bbox 989 1187 1175 1247; x_wconf 79' lang='lat' dir='ltr'>permittantur,</span> <span class='ocrx_word' id='word_1_73' title='bbox 1196 1201 1245 1234; x_wconf 92' lang='lat' dir='ltr'>non</span> <span class='ocrx_word' id='word_1_74' title='bbox 1265 1187 1341 1235; x_wconf 76' lang='lat' dir='ltr'>debet</span> 
     </span>
     <span class='ocr_line' id='line_1_11' title="bbox 284 1247 1340 1313; baseline 0.006 -19"><span class='ocrx_word' id='word_1_75' title='bbox 284 1253 366 1295; x_wconf 83' lang='lat' dir='ltr'>vester</span> <span class='ocrx_word' id='word_1_76' title='bbox 376 1248 477 1296; x_wconf 86' lang='lat' dir='ltr'>animus</span> <span class='ocrx_word' id='word_1_77' title='bbox 488 1247 637 1296; x_wconf 87' lang='lat' dir='ltr'>commoveri</span> <span class='ocrx_word' id='word_1_78' title='bbox 650 1248 671 1295; x_wconf 92' lang='lat' dir='ltr'>si</span> <span class='ocrx_word' id='word_1_79' title='bbox 682 1247 766 1310; x_wconf 91' lang='lat' dir='ltr'>aliqua</span> <span class='ocrx_word' id='word_1_80' title='bbox 778 1249 862 1296; x_wconf 80' lang='lat' dir='ltr'>forsan</span> <span class='ocrx_word' id='word_1_81' title='bbox 873 1253 1020 1298; x_wconf 80' lang='lat' dir='ltr'>statuantur</span> <span class='ocrx_word' id='word_1_82' title='bbox 1033 1265 1082 1313; x_wconf 93' lang='lat' dir='ltr'>que</span> <span class='ocrx_word' id='word_1_83' title='bbox 1093 1251 1234 1312; x_wconf 87' lang='lat' dir='ltr'>aliquorum</span> <span class='ocrx_word' id='word_1_84' title='bbox 1245 1251 1340 1313; x_wconf 85' lang='lat' dir='ltr'>judicio</span> 
     </span>
     <span class='ocr_line' id='line_1_12' title="bbox 284 1312 1339 1376; baseline 0.007 -19"><span class='ocrx_word' id='word_1_85' title='bbox 284 1312 406 1360; x_wconf 89' lang='lat' dir='ltr'>duriciam</span> <span class='ocrx_word' id='word_1_86' title='bbox 423 1313 524 1374; x_wconf 87' lang='lat' dir='ltr'>sapiant</span> <span class='ocrx_word' id='word_1_87' title='bbox 541 1313 579 1360; x_wconf 85' lang='lat' dir='ltr'>vel</span> <span class='ocrx_word' id='word_1_88' title='bbox 594 1328 737 1374; x_wconf 81' lang='lat' dir='ltr'>gravamen.</span> <span class='ocrx_word' id='word_1_89' title='bbox 774 1313 840 1361; x_wconf 87' lang='lat' dir='ltr'>Hinc</span> <span class='ocrx_word' id='word_1_90' title='bbox 858 1319 897 1362; x_wconf 86' lang='lat' dir='ltr'>est</span> <span class='ocrx_word' id='word_1_91' title='bbox 913 1315 988 1376; x_wconf 91' lang='lat' dir='ltr'>quod,</span> <span class='ocrx_word' id='word_1_92' title='bbox 1000 1330 1059 1362; x_wconf 91' lang='lat' dir='ltr'>cum</span> <span class='ocrx_word' id='word_1_93' title='bbox 1076 1315 1189 1376; x_wconf 76' lang='lat' dir='ltr'>Regnum</span> <span class='ocrx_word' id='word_1_94' title='bbox 1210 1321 1236 1363; x_wconf 94' lang='lat' dir='ltr'>et</span> <span class='ocrx_word' id='word_1_95' title='bbox 1256 1319 1339 1364; x_wconf 81' lang='lat' dir='ltr'>Sacer·</span> 
     </span>
     <span class='ocr_line' id='line_1_13' title="bbox 284 1377 1338 1439; baseline 0.008 -17"><span class='ocrx_word' id='word_1_96' title='bbox 284 1377 385 1425; x_wconf 89' lang='lat' dir='ltr'>docinm</span> <span class='ocrx_word' id='word_1_97' title='bbox 412 1378 465 1439; x_wconf 82' lang='lat' dir='ltr'>jain</span> <span class='ocrx_word' id='word_1_98' title='bbox 493 1377 658 1425; x_wconf 77' lang='lat' dir='ltr'>diversimode</span> <span class='ocrx_word' id='word_1_99' title='bbox 681 1378 786 1425; x_wconf 81' lang='lat' dir='ltr'>diversis</span> <span class='ocrx_word' id='word_1_100' title='bbox 809 1393 893 1426; x_wconf 87' lang='lat' dir='ltr'>rerum</span> <span class='ocrx_word' id='word_1_101' title='bbox 915 1379 1047 1427; x_wconf 71' lang='lat' dir='ltr'>eventibus</span> <span class='ocrx_word' id='word_1_102' title='bbox 1069 1380 1150 1428; x_wconf 89' lang='lat' dir='ltr'>lesum</span> <span class='ocrx_word' id='word_1_103' title='bbox 1178 1381 1290 1428; x_wconf 66' lang='lat' dir='ltr'>(extiterit</span> <span class='ocrx_word' id='word_1_104' title='bbox 1313 1388 1338 1430; x_wconf 90' lang='lat' dir='ltr'>et</span> 
     </span>
     <span class='ocr_line' id='line_1_14' title="bbox 284 1441 1340 1508; baseline 0.006 -20"><span class='ocrx_word' id='word_1_105' title='bbox 284 1443 425 1502; x_wconf 80' lang='lat' dir='ltr'>turbatum,</span> <span class='ocrx_word' id='word_1_106' title='bbox 437 1459 465 1490; x_wconf 87' lang='lat' dir='ltr'>ac</span> <span class='ocrx_word' id='word_1_107' title='bbox 476 1441 595 1503; x_wconf 83' lang='lat' dir='ltr'>gravioris</span> <span class='ocrx_word' id='word_1_108' title='bbox 605 1442 704 1490; x_wconf 77' lang='lat' dir='ltr'>lesionis</span> <span class='ocrx_word' id='word_1_109' title='bbox 716 1449 742 1490; x_wconf 91' lang='lat' dir='ltr'>et</span> <span class='ocrx_word' id='word_1_110' title='bbox 756 1441 949 1491; x_wconf 80' lang='lat' dir='ltr'>vehemencioris</span> <span class='ocrx_word' id='word_1_111' title='bbox 961 1443 1112 1492; x_wconf 87' lang='lat' dir='ltr'>turbaeiouis</span> <span class='ocrx_word' id='word_1_112' title='bbox 1125 1445 1200 1493; x_wconf 81' lang='lat' dir='ltr'>tinror</span> <span class='ocrx_word' id='word_1_113' title='bbox 1211 1451 1237 1493; x_wconf 91' lang='lat' dir='ltr'>et</span> <span class='ocrx_word' id='word_1_114' title='bbox 1246 1462 1340 1508; x_wconf 84' lang='lat' dir='ltr'>rumor,</span> 
     </span>
     <span class='ocr_line' id='line_1_15' title="bbox 285 1507 1338 1570; baseline 0.005 -16"><span class='ocrx_word' id='word_1_115' title='bbox 285 1507 401 1554; x_wconf 88' lang='lat' dir='ltr'>videlicet</span> <span class='ocrx_word' id='word_1_116' title='bbox 417 1508 449 1554; x_wconf 90' lang='lat' dir='ltr'>de</span> <span class='ocrx_word' id='word_1_117' title='bbox 466 1507 550 1554; x_wconf 89' lang='lat' dir='ltr'>hostili</span> <span class='ocrx_word' id='word_1_118' title='bbox 567 1507 762 1570; x_wconf 78' lang='lat' dir='ltr'>alienigenarum</span> <span class='ocrx_word' id='word_1_119' title='bbox 778 1507 887 1555; x_wconf 86' lang='lat' dir='ltr'>adventu</span> <span class='ocrx_word' id='word_1_120' title='bbox 907 1509 932 1556; x_wconf 91' lang='lat' dir='ltr'>iu</span> <span class='ocrx_word' id='word_1_121' title='bbox 946 1509 1023 1570; x_wconf 80' lang='lat' dir='ltr'>llegni</span> <span class='ocrx_word' id='word_1_122' title='bbox 1035 1507 1221 1558; x_wconf 71' lang='lat' dir='ltr'>subversionem</span> <span class='ocrx_word' id='word_1_123' title='bbox 1237 1517 1264 1558; x_wconf 90' lang='lat' dir='ltr'>et</span> <span class='ocrx_word' id='word_1_124' title='bbox 1282 1527 1338 1558; x_wconf 90' lang='lat' dir='ltr'>con·</span> 
     </span>
     <span class='ocr_line' id='line_1_16' title="bbox 283 1571 1338 1637; baseline 0.006 -19"><span class='ocrx_word' id='word_1_125' title='bbox 283 1571 408 1619; x_wconf 85' lang='lat' dir='ltr'>lusionem</span> <span class='ocrx_word' id='word_1_126' title='bbox 420 1571 546 1634; x_wconf 90' lang='lat' dir='ltr'>publicam</span> <span class='ocrx_word' id='word_1_127' title='bbox 556 1571 730 1634; x_wconf 76' lang='lat' dir='ltr'>indigenarum</span> <span class='ocrx_word' id='word_1_128' title='bbox 737 1573 812 1620; x_wconf 89' lang='lat' dir='ltr'>corda</span> <span class='ocrx_word' id='word_1_129' title='bbox 822 1578 876 1620; x_wconf 87' lang='lat' dir='ltr'>tam</span> <span class='ocrx_word' id='word_1_130' title='bbox 888 1573 1013 1632; x_wconf 81' lang='lat' dir='ltr'>invaserit,</span> <span class='ocrx_word' id='word_1_131' title='bbox 1027 1581 1055 1622; x_wconf 93' lang='lat' dir='ltr'>ut</span> <span class='ocrx_word' id='word_1_132' title='bbox 1066 1576 1180 1634; x_wconf 87' lang='lat' dir='ltr'>audistis,</span> <span class='ocrx_word' id='word_1_133' title='bbox 1194 1576 1338 1637; x_wconf 79' lang='lat' dir='ltr'>ponderetis</span> 
     </span>
     <span class='ocr_line' id='line_1_17' title="bbox 284 1637 1340 1702; baseline 0.006 -19"><span class='ocrx_word' id='word_1_134' title='bbox 284 1637 401 1698; x_wconf 74' lang='lat' dir='ltr'>periculis</span> <span class='ocrx_word' id='word_1_135' title='bbox 412 1652 462 1698; x_wconf 90' lang='lat' dir='ltr'>que</span> <span class='ocrx_word' id='word_1_136' title='bbox 474 1637 588 1698; x_wconf 85' lang='lat' dir='ltr'>Regnum</span> <span class='ocrx_word' id='word_1_137' title='bbox 600 1643 626 1685; x_wconf 88' lang='lat' dir='ltr'>et</span> <span class='ocrx_word' id='word_1_138' title='bbox 637 1637 730 1685; x_wconf 73' lang='lat' dir='ltr'>incolae</span> <span class='ocrx_word' id='word_1_139' title='bbox 739 1637 875 1696; x_wconf 90' lang='lat' dir='ltr'>universos,</span> <span class='ocrx_word' id='word_1_140' title='bbox 889 1637 937 1686; x_wconf 87' lang='lat' dir='ltr'>nisi</span> <span class='ocrx_word' id='word_1_141' title='bbox 948 1653 963 1685; x_wconf 88' lang='lat' dir='ltr'>a</span> <span class='ocrx_word' id='word_1_142' title='bbox 974 1639 1080 1686; x_wconf 90' lang='lat' dir='ltr'>Domino</span> <span class='ocrx_word' id='word_1_143' title='bbox 1090 1639 1220 1687; x_wconf 84' lang='lat' dir='ltr'>defensore</span> <span class='ocrx_word' id='word_1_144' title='bbox 1231 1641 1340 1702; x_wconf 88' lang='lat' dir='ltr'>propicio</span> 
     </span>
     <span class='ocr_line' id='line_1_18' title="bbox 284 1701 1338 1767; baseline 0.005 -19"><span class='ocrx_word' id='word_1_145' title='bbox 284 1706 396 1761; x_wconf 89' lang='lat' dir='ltr'>tueatur,</span> <span class='ocrx_word' id='word_1_146' title='bbox 408 1701 608 1750; x_wconf 87' lang='lat' dir='ltr'>circumveniunt</span> <span class='ocrx_word' id='word_1_147' title='bbox 619 1707 646 1750; x_wconf 85' lang='lat' dir='ltr'>et</span> <span class='ocrx_word' id='word_1_148' title='bbox 655 1701 769 1760; x_wconf 84' lang='lat' dir='ltr'>attentis,</span> <span class='ocrx_word' id='word_1_149' title='bbox 782 1702 943 1764; x_wconf 82' lang='lat' dir='ltr'>prejudiciale</span> <span class='ocrx_word' id='word_1_150' title='bbox 961 1703 1000 1751; x_wconf 87' lang='lat' dir='ltr'>vel</span> <span class='ocrx_word' id='word_1_151' title='bbox 1016 1703 1150 1752; x_wconf 84' lang='lat' dir='ltr'>molestum</span> <span class='ocrx_word' id='word_1_152' title='bbox 1165 1705 1276 1767; x_wconf 84' lang='lat' dir='ltr'>reputari</span> <span class='ocrx_word' id='word_1_153' title='bbox 1288 1721 1338 1754; x_wconf 91' lang='lat' dir='ltr'>non</span> 
     </span>
     <span class='ocr_line' id='line_1_19' title="bbox 284 1765 1340 1830; baseline 0.005 -17"><span class='ocrx_word' id='word_1_154' title='bbox 284 1767 362 1813; x_wconf 89' lang='lat' dir='ltr'>debet</span> <span class='ocrx_word' id='word_1_155' title='bbox 372 1766 394 1813; x_wconf 88' lang='lat' dir='ltr'>si</span> <span class='ocrx_word' id='word_1_156' title='bbox 406 1766 488 1829; x_wconf 81' lang='lat' dir='ltr'>aliqua</span> <span class='ocrx_word' id='word_1_157' title='bbox 500 1767 531 1814; x_wconf 80' lang='lat' dir='ltr'>sd</span> <span class='ocrx_word' id='word_1_158' title='bbox 543 1765 721 1815; x_wconf 90' lang='lat' dir='ltr'>relevacionem</span> <span class='ocrx_word' id='word_1_159' title='bbox 737 1772 820 1814; x_wconf 87' lang='lat' dir='ltr'>status</span> <span class='ocrx_word' id='word_1_160' title='bbox 837 1767 946 1814; x_wconf 83' lang='lat' dir='ltr'>Ecclesic</span> <span class='ocrx_word' id='word_1_161' title='bbox 958 1767 1100 1830; x_wconf 81' lang='lat' dir='ltr'>Anglicane,</span> <span class='ocrx_word' id='word_1_162' title='bbox 1114 1769 1200 1830; x_wconf 86' lang='lat' dir='ltr'>quein</span> <span class='ocrx_word' id='word_1_163' title='bbox 1212 1785 1239 1818; x_wconf 88' lang='lat' dir='ltr'>se</span> <span class='ocrx_word' id='word_1_164' title='bbox 1250 1775 1277 1818; x_wconf 89' lang='lat' dir='ltr'>et</span> <span class='ocrx_word' id='word_1_165' title='bbox 1287 1772 1340 1818; x_wconf 89' lang='lat' dir='ltr'>suis</span> 
     </span>
     <span class='ocr_line' id='line_1_20' title="bbox 285 1829 1339 1894; baseline 0.004 -16"><span class='ocrx_word' id='word_1_166' title='bbox 285 1829 446 1879; x_wconf 84' lang='lat' dir='ltr'>libertatibus</span> <span class='ocrx_word' id='word_1_167' title='bbox 455 1831 627 1894; x_wconf 87' lang='lat' dir='ltr'>multipliciter</span> <span class='ocrx_word' id='word_1_168' title='bbox 635 1837 662 1880; x_wconf 90' lang='lat' dir='ltr'>et</span> <span class='ocrx_word' id='word_1_169' title='bbox 669 1831 727 1894; x_wconf 91' lang='lat' dir='ltr'>plus</span> <span class='ocrx_word' id='word_1_170' title='bbox 736 1831 810 1879; x_wconf 86' lang='lat' dir='ltr'>solito</span> <span class='ocrx_word' id='word_1_171' title='bbox 819 1837 858 1879; x_wconf 90' lang='lat' dir='ltr'>est</span> <span class='ocrx_word' id='word_1_172' title='bbox 866 1832 988 1894; x_wconf 78' lang='lat' dir='ltr'>depressa,</span> <span class='ocrx_word' id='word_1_173' title='bbox 995 1839 1021 1880; x_wconf 85' lang='lat' dir='ltr'>ct</span> <span class='ocrx_word' id='word_1_174' title='bbox 1030 1834 1061 1880; x_wconf 82' lang='lat' dir='ltr'>ad</span> <span class='ocrx_word' id='word_1_175' title='bbox 1070 1833 1239 1882; x_wconf 66' lang='lat' dir='ltr'>defensionem</span> <span class='ocrx_word' id='word_1_176' title='bbox 1249 1835 1339 1894; x_wconf 80' lang='lat' dir='ltr'>Patris,</span> 
     </span>
     <span class='ocr_line' id='line_1_21' title="bbox 284 1896 1340 1959; baseline 0.003 -15"><span class='ocrx_word' id='word_1_177' title='bbox 284 1897 317 1944; x_wconf 83' lang='lat' dir='ltr'>ad</span> <span class='ocrx_word' id='word_1_178' title='bbox 325 1897 395 1958; x_wconf 91' lang='lat' dir='ltr'>quod</span> <span class='ocrx_word' id='word_1_179' title='bbox 404 1911 611 1958; x_wconf 88' lang='lat' dir='ltr'>unumquemque</span> <span class='ocrx_word' id='word_1_180' title='bbox 619 1897 733 1944; x_wconf 85' lang='lat' dir='ltr'>naturale</span> <span class='ocrx_word' id='word_1_181' title='bbox 742 1896 815 1944; x_wconf 79' lang='lat' dir='ltr'>ledtu</span> <span class='ocrx_word' id='word_1_182' title='bbox 823 1897 918 1959; x_wconf 88' lang='lat' dir='ltr'>obligat</span> <span class='ocrx_word' id='word_1_183' title='bbox 926 1903 952 1945; x_wconf 92' lang='lat' dir='ltr'>et</span> <span class='ocrx_word' id='word_1_184' title='bbox 960 1897 1059 1956; x_wconf 86' lang='lat' dir='ltr'>invitat,</span> <span class='ocrx_word' id='word_1_185' title='bbox 1067 1915 1082 1946; x_wconf 89' lang='lat' dir='ltr'>a</span> <span class='ocrx_word' id='word_1_186' title='bbox 1091 1899 1150 1946; x_wconf 86' lang='lat' dir='ltr'>viris</span> <span class='ocrx_word' id='word_1_187' title='bbox 1162 1899 1340 1948; x_wconf 81' lang='lat' dir='ltr'>Ecclesiasticis</span> 
     </span>
     <span class='ocr_line' id='line_1_22' title="bbox 283 1961 1340 2026; baseline 0.005 -18"><span class='ocrx_word' id='word_1_188' title='bbox 283 1962 315 2008; x_wconf 90' lang='lat' dir='ltr'>de</span> <span class='ocrx_word' id='word_1_189' title='bbox 334 1961 406 2008; x_wconf 88' lang='lat' dir='ltr'>bonis</span> <span class='ocrx_word' id='word_1_190' title='bbox 421 1961 593 2024; x_wconf 76' lang='lat' dir='ltr'>spiritualibus</span> <span class='ocrx_word' id='word_1_191' title='bbox 612 1961 781 2010; x_wconf 82' lang='lat' dir='ltr'>conferantur.</span> <span class='ocrx_word' id='word_1_192' title='bbox 816 1961 882 2010; x_wconf 88' lang='lat' dir='ltr'>Cum</span> <span class='ocrx_word' id='word_1_193' title='bbox 899 1962 983 2023; x_wconf 83' lang='lat' dir='ltr'>igitur,</span> <span class='ocrx_word' id='word_1_194' title='bbox 1001 1962 1075 2010; x_wconf 87' lang='lat' dir='ltr'>sicuti</span> <span class='ocrx_word' id='word_1_195' title='bbox 1095 1963 1288 2026; x_wconf 73' lang='lat' dir='ltr'>supradiximus,</span> <span class='ocrx_word' id='word_1_196' title='bbox 1309 1971 1340 2013; x_wconf 91' lang='lat' dir='ltr'>ut</span> 
     </span>
     <span class='ocr_line' id='line_1_23' title="bbox 283 2025 1337 2091; baseline 0.003 -17"><span class='ocrx_word' id='word_1_197' title='bbox 283 2026 395 2074; x_wconf 85' lang='lat' dir='ltr'>Ecclesia</span> <span class='ocrx_word' id='word_1_198' title='bbox 406 2027 536 2085; x_wconf 81' lang='lat' dir='ltr'>relevetur,</span> <span class='ocrx_word' id='word_1_199' title='bbox 548 2031 575 2074; x_wconf 89' lang='lat' dir='ltr'>et</span> <span class='ocrx_word' id='word_1_200' title='bbox 592 2031 622 2074; x_wconf 90' lang='lat' dir='ltr'>nt</span> <span class='ocrx_word' id='word_1_201' title='bbox 637 2031 725 2074; x_wconf 87' lang='lat' dir='ltr'>contra</span> <span class='ocrx_word' id='word_1_202' title='bbox 738 2025 933 2089; x_wconf 80' lang='lat' dir='ltr'>alienigenarum</span> <span class='ocrx_word' id='word_1_203' title='bbox 945 2027 1047 2075; x_wconf 73' lang='lat' dir='ltr'>hostiles</span> <span class='ocrx_word' id='word_1_204' title='bbox 1058 2027 1173 2076; x_wconf 86' lang='lat' dir='ltr'>incursus</span> <span class='ocrx_word' id='word_1_205' title='bbox 1185 2029 1236 2090; x_wconf 92' lang='lat' dir='ltr'>qui,</span> <span class='ocrx_word' id='word_1_206' title='bbox 1253 2029 1337 2091; x_wconf 87' lang='lat' dir='ltr'>cujus·</span> 
     </span>
     <span class='ocr_line' id='line_1_24' title="bbox 283 2091 1337 2154; baseline 0.003 -16"><span class='ocrx_word' id='word_1_207' title='bbox 283 2107 393 2152; x_wconf 85' lang='lat' dir='ltr'>cumque</span> <span class='ocrx_word' id='word_1_208' title='bbox 409 2091 552 2138; x_wconf 89' lang='lat' dir='ltr'>condicione</span> <span class='ocrx_word' id='word_1_209' title='bbox 568 2091 668 2153; x_wconf 80' lang='lat' dir='ltr'>rejecta,</span> <span class='ocrx_word' id='word_1_210' title='bbox 685 2091 739 2139; x_wconf 88' lang='lat' dir='ltr'>loco</span> <span class='ocrx_word' id='word_1_211' title='bbox 755 2106 805 2138; x_wconf 92' lang='lat' dir='ltr'>non</span> <span class='ocrx_word' id='word_1_212' title='bbox 823 2097 952 2154; x_wconf 88' lang='lat' dir='ltr'>parcerent</span> <span class='ocrx_word' id='word_1_213' title='bbox 974 2107 1019 2140; x_wconf 87' lang='lat' dir='ltr'>nec</span> <span class='ocrx_word' id='word_1_214' title='bbox 1036 2107 1146 2154; x_wconf 71' lang='lat' dir='ltr'>persone,</span> <span class='ocrx_word' id='word_1_215' title='bbox 1163 2108 1221 2140; x_wconf 89' lang='lat' dir='ltr'>cum</span> <span class='ocrx_word' id='word_1_216' title='bbox 1239 2093 1337 2142; x_wconf 80' lang='lat' dir='ltr'>tortitu-</span> 
     </span>
     <span class='ocr_line' id='line_1_25' title="bbox 284 2155 1339 2221; baseline 0.004 -18"><span class='ocrx_word' id='word_1_217' title='bbox 284 2155 351 2203; x_wconf 83' lang='lat' dir='ltr'>dinis</span> <span class='ocrx_word' id='word_1_218' title='bbox 362 2155 484 2217; x_wconf 79' lang='lat' dir='ltr'>gravitate</span> <span class='ocrx_word' id='word_1_219' title='bbox 495 2155 577 2204; x_wconf 77' lang='lat' dir='ltr'>resisti</span> <span class='ocrx_word' id='word_1_220' title='bbox 588 2156 669 2204; x_wconf 77' lang='lat' dir='ltr'>valent</span> <span class='ocrx_word' id='word_1_221' title='bbox 680 2161 706 2204; x_wconf 78' lang='lat' dir='ltr'>et</span> <span class='ocrx_word' id='word_1_222' title='bbox 717 2155 821 2215; x_wconf 74' lang='lat' dir='ltr'>virtute,</span> <span class='ocrx_word' id='word_1_223' title='bbox 830 2157 896 2204; x_wconf 83' lang='lat' dir='ltr'>etde</span> <span class='ocrx_word' id='word_1_224' title='bbox 907 2156 1009 2204; x_wconf 78' lang='lat' dir='ltr'>otrnsllio</span> <span class='ocrx_word' id='word_1_225' title='bbox 1019 2157 1198 2219; x_wconf 82' lang='lat' dir='ltr'>Episcoporum</span> <span class='ocrx_word' id='word_1_226' title='bbox 1211 2158 1339 2221; x_wconf 81' lang='lat' dir='ltr'>Regnique</span> 
     </span>
     <span class='ocr_line' id='line_1_26' title="bbox 285 2219 1337 2284; baseline 0.004 -16"><span class='ocrx_word' id='word_1_227' title='bbox 285 2221 442 2268; x_wconf 77' lang='lat' dir='ltr'>Prelatcrum</span> <span class='ocrx_word' id='word_1_228' title='bbox 459 2225 486 2268; x_wconf 87' lang='lat' dir='ltr'>et</span> <span class='ocrx_word' id='word_1_229' title='bbox 507 2219 580 2280; x_wconf 81' lang='lat' dir='ltr'>Cleri,</span> <span class='ocrx_word' id='word_1_230' title='bbox 598 2235 679 2283; x_wconf 84' lang='lat' dir='ltr'>nuper</span> <span class='ocrx_word' id='word_1_231' title='bbox 698 2221 766 2282; x_wconf 87' lang='lat' dir='ltr'>apud</span> <span class='ocrx_word' id='word_1_232' title='bbox 785 2220 941 2268; x_wconf 74' lang='lat' dir='ltr'>londoniam</span> <span class='ocrx_word' id='word_1_233' title='bbox 961 2227 1173 2284; x_wconf 78' lang='lat' dir='ltr'>congregatorum,</span> <span class='ocrx_word' id='word_1_234' title='bbox 1193 2223 1337 2272; x_wconf 87' lang='lat' dir='ltr'>ordinatum</span> 
     </span>
     <span class='ocr_line' id='line_1_27' title="bbox 283 2285 1337 2348; baseline 0.004 -15"><span class='ocrx_word' id='word_1_235' title='bbox 283 2285 371 2333; x_wconf 79' lang='lat' dir='ltr'>extitit</span> <span class='ocrx_word' id='word_1_236' title='bbox 381 2289 408 2333; x_wconf 87' lang='lat' dir='ltr'>et</span> <span class='ocrx_word' id='word_1_237' title='bbox 418 2285 546 2348; x_wconf 83' lang='lat' dir='ltr'>provisum</span> <span class='ocrx_word' id='word_1_238' title='bbox 558 2290 589 2333; x_wconf 89' lang='lat' dir='ltr'>ut</span> <span class='ocrx_word' id='word_1_239' title='bbox 600 2300 686 2334; x_wconf 87' lang='lat' dir='ltr'>omnes</span> <span class='ocrx_word' id='word_1_240' title='bbox 697 2285 743 2334; x_wconf 88' lang='lat' dir='ltr'>viri</span> <span class='ocrx_word' id='word_1_241' title='bbox 756 2285 927 2345; x_wconf 71' lang='lat' dir='ltr'>Ecclesiastici</span> <span class='ocrx_word' id='word_1_242' title='bbox 940 2285 1064 2346; x_wconf 67' lang='lat' dir='ltr'>Religion,</span> <span class='ocrx_word' id='word_1_243' title='bbox 1076 2286 1155 2334; x_wconf 90' lang='lat' dir='ltr'>etalii</span> <span class='ocrx_word' id='word_1_244' title='bbox 1166 2287 1275 2336; x_wconf 88' lang='lat' dir='ltr'>debonis</span> <span class='ocrx_word' id='word_1_245' title='bbox 1287 2289 1337 2337; x_wconf 82' lang='lat' dir='ltr'>suis</span> 
     </span>
     <span class='ocr_line' id='line_1_28' title="bbox 283 2349 1336 2412; baseline 0.003 -14"><span class='ocrx_word' id='word_1_246' title='bbox 283 2349 462 2398; x_wconf 80' lang='lat' dir='ltr'>Ecclesiasticis</span> <span class='ocrx_word' id='word_1_247' title='bbox 478 2349 601 2398; x_wconf 85' lang='lat' dir='ltr'>decimam</span> <span class='ocrx_word' id='word_1_248' title='bbox 618 2355 722 2412; x_wconf 86' lang='lat' dir='ltr'>partem,</span> <span class='ocrx_word' id='word_1_249' title='bbox 739 2351 879 2398; x_wconf 85' lang='lat' dir='ltr'>secundum</span> <span class='ocrx_word' id='word_1_250' title='bbox 890 2350 1045 2400; x_wconf 69' lang='lat' dir='ltr'>berselonem</span> <span class='ocrx_word' id='word_1_251' title='bbox 1061 2363 1230 2412; x_wconf 87' lang='lat' dir='ltr'>communem,</span> <span class='ocrx_word' id='word_1_252' title='bbox 1247 2354 1336 2401; x_wconf 81' lang='lat' dir='ltr'>coutri-</span> 
     </span>
     <span class='ocr_line' id='line_1_29' title="bbox 283 2415 1336 2478; baseline 0.004 -16"><span class='ocrx_word' id='word_1_253' title='bbox 283 2415 361 2463; x_wconf 89' lang='lat' dir='ltr'>buere</span> <span class='ocrx_word' id='word_1_254' title='bbox 382 2415 498 2474; x_wconf 86' lang='lat' dir='ltr'>debeant,</span> <span class='ocrx_word' id='word_1_255' title='bbox 521 2415 681 2464; x_wconf 82' lang='lat' dir='ltr'>excusacicne</span> <span class='ocrx_word' id='word_1_256' title='bbox 704 2415 730 2462; x_wconf 92' lang='lat' dir='ltr'>in</span> <span class='ocrx_word' id='word_1_257' title='bbox 753 2415 907 2463; x_wconf 86' lang='lat' dir='ltr'>contrarium</span> <span class='ocrx_word' id='word_1_258' title='bbox 929 2416 1031 2464; x_wconf 88' lang='lat' dir='ltr'>omnino</span> <span class='ocrx_word' id='word_1_259' title='bbox 1053 2416 1153 2478; x_wconf 83' lang='lat' dir='ltr'>rojecta,</span> <span class='ocrx_word' id='word_1_260' title='bbox 1178 2417 1336 2466; x_wconf 88' lang='lat' dir='ltr'>devocionem</span> 
     </span>
     <span class='ocr_line' id='line_1_30' title="bbox 284 2480 1337 2544; baseline 0.003 -16"><span class='ocrx_word' id='word_1_261' title='bbox 284 2495 371 2528; x_wconf 91' lang='lat' dir='ltr'>eorum</span> <span class='ocrx_word' id='word_1_262' title='bbox 384 2480 410 2528; x_wconf 91' lang='lat' dir='ltr'>in</span> <span class='ocrx_word' id='word_1_263' title='bbox 421 2480 560 2528; x_wconf 71' lang='lat' dir='ltr'>utilitatem</span> <span class='ocrx_word' id='word_1_264' title='bbox 578 2495 736 2528; x_wconf 84' lang='lat' dir='ltr'>communem</span> <span class='ocrx_word' id='word_1_265' title='bbox 752 2485 779 2528; x_wconf 88' lang='lat' dir='ltr'>et</span> <span class='ocrx_word' id='word_1_266' title='bbox 795 2481 936 2542; x_wconf 83' lang='lat' dir='ltr'>proiectum</span> <span class='ocrx_word' id='word_1_267' title='bbox 953 2480 1081 2544; x_wconf 89' lang='lat' dir='ltr'>proprium</span> <span class='ocrx_word' id='word_1_268' title='bbox 1103 2481 1263 2530; x_wconf 89' lang='lat' dir='ltr'>Presentibus</span> <span class='ocrx_word' id='word_1_269' title='bbox 1274 2483 1337 2531; x_wconf 85' lang='lat' dir='ltr'>exci-</span> 
     </span>
     <span class='ocr_line' id='line_1_31' title="bbox 284 2545 1338 2608; baseline 0.005 -16"><span class='ocrx_word' id='word_1_270' title='bbox 284 2551 368 2593; x_wconf 86' lang='lat' dir='ltr'>tantes</span> <span class='ocrx_word' id='word_1_271' title='bbox 386 2545 532 2608; x_wconf 87' lang='lat' dir='ltr'>propensius</span> <span class='ocrx_word' id='word_1_272' title='bbox 553 2545 705 2592; x_wconf 88' lang='lat' dir='ltr'>consulendo</span> <span class='ocrx_word' id='word_1_273' title='bbox 726 2545 875 2592; x_wconf 86' lang='lat' dir='ltr'>mandamus</span> <span class='ocrx_word' id='word_1_274' title='bbox 896 2545 1015 2608; x_wconf 88' lang='lat' dir='ltr'>quatinus</span> <span class='ocrx_word' id='word_1_275' title='bbox 1035 2545 1147 2594; x_wconf 89' lang='lat' dir='ltr'>omnium</span> <span class='ocrx_word' id='word_1_276' title='bbox 1171 2551 1338 2608; x_wconf 88' lang='lat' dir='ltr'>proventuum</span> 
     </span>
     <span class='ocr_line' id='line_1_32' title="bbox 285 2609 1338 2674; baseline 0.002 -16"><span class='ocrx_word' id='word_1_277' title='bbox 285 2610 517 2658; x_wconf 71' lang='lat' dir='ltr'>Ewleshsticorum</span> <span class='ocrx_word' id='word_1_278' title='bbox 528 2609 652 2658; x_wconf 82' lang='lat' dir='ltr'>decimam</span> <span class='ocrx_word' id='word_1_279' title='bbox 665 2615 762 2672; x_wconf 81' lang='lat' dir='ltr'>partem</span> <span class='ocrx_word' id='word_1_280' title='bbox 774 2609 900 2672; x_wconf 80' lang='lat' dir='ltr'>aliquibus</span> <span class='ocrx_word' id='word_1_281' title='bbox 917 2611 991 2657; x_wconf 89' lang='lat' dir='ltr'>ccrtis</span> <span class='ocrx_word' id='word_1_282' title='bbox 1008 2611 1125 2672; x_wconf 73' lang='lat' dir='ltr'>panonia,</span> <span class='ocrx_word' id='word_1_283' title='bbox 1143 2627 1187 2674; x_wconf 87' lang='lat' dir='ltr'>per</span> <span class='ocrx_word' id='word_1_284' title='bbox 1198 2627 1243 2660; x_wconf 88' lang='lat' dir='ltr'>nos</span> <span class='ocrx_word' id='word_1_285' title='bbox 1254 2617 1338 2660; x_wconf 87' lang='lat' dir='ltr'>sucto-</span> 
     </span>
     <span class='ocr_line' id='line_1_33' title="bbox 284 2675 1338 2740; baseline 0.003 -18"><span class='ocrx_word' id='word_1_286' title='bbox 284 2676 360 2722; x_wconf 82' lang='lat' dir='ltr'>ritate</span> <span class='ocrx_word' id='word_1_287' title='bbox 379 2681 464 2723; x_wconf 80' lang='lat' dir='ltr'>nostro</span> <span class='ocrx_word' id='word_1_288' title='bbox 484 2675 517 2722; x_wconf 90' lang='lat' dir='ltr'>ad</span> <span class='ocrx_word' id='word_1_289' title='bbox 537 2675 648 2736; x_wconf 85' lang='lat' dir='ltr'>predicto</span> <span class='ocrx_word' id='word_1_290' title='bbox 670 2675 816 2736; x_wconf 85' lang='lat' dir='ltr'>exequenda</span> <span class='ocrx_word' id='word_1_291' title='bbox 835 2675 958 2722; x_wconf 85' lang='lat' dir='ltr'>maturius</span> <span class='ocrx_word' id='word_1_292' title='bbox 978 2675 1137 2738; x_wconf 77' lang='lat' dir='ltr'>deputandis,</span> <span class='ocrx_word' id='word_1_293' title='bbox 1159 2677 1228 2724; x_wconf 89' lang='lat' dir='ltr'>omni</span> <span class='ocrx_word' id='word_1_294' title='bbox 1247 2677 1338 2740; x_wconf 86' lang='lat' dir='ltr'>rejecto</span> 
     </span>
     <span class='ocr_line' id='line_1_34' title="bbox 284 2739 1339 2804; baseline 0.002 -16"><span class='ocrx_word' id='word_1_295' title='bbox 284 2740 437 2802; x_wconf 73' lang='lat' dir='ltr'>subteriugii</span> <span class='ocrx_word' id='word_1_296' title='bbox 459 2739 596 2794; x_wconf 86' lang='lat' dir='ltr'>obstaculo,</span> <span class='ocrx_word' id='word_1_297' title='bbox 619 2739 756 2802; x_wconf 77' lang='lat' dir='ltr'>assignetis</span> <span class='ocrx_word' id='word_1_298' title='bbox 792 2739 904 2801; x_wconf 78' lang='lat' dir='ltr'>Insuper,</span> <span class='ocrx_word' id='word_1_299' title='bbox 924 2740 1042 2802; x_wconf 87' lang='lat' dir='ltr'>quoniam</span> <span class='ocrx_word' id='word_1_300' title='bbox 1064 2745 1165 2802; x_wconf 86' lang='lat' dir='ltr'>tempus</span> <span class='ocrx_word' id='word_1_301' title='bbox 1182 2757 1227 2804; x_wconf 91' lang='lat' dir='ltr'>pro</span> <span class='ocrx_word' id='word_1_302' title='bbox 1238 2741 1339 2790; x_wconf 88' lang='lat' dir='ltr'>homine</span> 
     </span>
     <span class='ocr_line' id='line_1_35' title="bbox 284 2803 1338 2869; baseline 0.003 -17"><span class='ocrx_word' id='word_1_303' title='bbox 284 2805 437 2867; x_wconf 86' lang='lat' dir='ltr'>interpellat,</span> <span class='ocrx_word' id='word_1_304' title='bbox 450 2810 477 2852; x_wconf 86' lang='lat' dir='ltr'>et</span> <span class='ocrx_word' id='word_1_305' title='bbox 487 2805 520 2852; x_wconf 91' lang='lat' dir='ltr'>de</span> <span class='ocrx_word' id='word_1_306' title='bbox 531 2803 642 2852; x_wconf 88' lang='lat' dir='ltr'>hostium</span> <span class='ocrx_word' id='word_1_307' title='bbox 654 2805 766 2852; x_wconf 84' lang='lat' dir='ltr'>adventu</span> <span class='ocrx_word' id='word_1_308' title='bbox 778 2803 803 2852; x_wconf 92' lang='lat' dir='ltr'>in</span> <span class='ocrx_word' id='word_1_309' title='bbox 813 2805 927 2866; x_wconf 82' lang='lat' dir='ltr'>proximo</span> <span class='ocrx_word' id='word_1_310' title='bbox 938 2805 1112 2854; x_wconf 79' lang='lat' dir='ltr'>comminatur.</span> <span class='ocrx_word' id='word_1_311' title='bbox 1130 2811 1280 2869; x_wconf 81' lang='lat' dir='ltr'>oportetque</span> <span class='ocrx_word' id='word_1_312' title='bbox 1291 2807 1338 2856; x_wconf 86' lang='lat' dir='ltr'>sibi</span> 
     </span>
     <span class='ocr_line' id='line_1_36' title="bbox 283 2869 1336 2934; baseline 0.004 -17"><span class='ocrx_word' id='word_1_313' title='bbox 283 2885 342 2918; x_wconf 90' lang='lat' dir='ltr'>cum</span> <span class='ocrx_word' id='word_1_314' title='bbox 365 2869 513 2918; x_wconf 84' lang='lat' dir='ltr'>maturitate</span> <span class='ocrx_word' id='word_1_315' title='bbox 536 2869 622 2917; x_wconf 87' lang='lat' dir='ltr'>debita</span> <span class='ocrx_word' id='word_1_316' title='bbox 643 2869 782 2928; x_wconf 86' lang='lat' dir='ltr'>resistatur,</span> <span class='ocrx_word' id='word_1_317' title='bbox 811 2869 921 2931; x_wconf 83' lang='lat' dir='ltr'>expedit,</span> <span class='ocrx_word' id='word_1_318' title='bbox 944 2869 1020 2918; x_wconf 85' lang='lat' dir='ltr'>sicuti</span> <span class='ocrx_word' id='word_1_319' title='bbox 1042 2871 1170 2932; x_wconf 70' lang='lat' dir='ltr'>provisum</span> <span class='ocrx_word' id='word_1_320' title='bbox 1192 2877 1239 2928; x_wconf 89' lang='lat' dir='ltr'>est,</span> <span class='ocrx_word' id='word_1_321' title='bbox 1270 2873 1336 2934; x_wconf 91' lang='lat' dir='ltr'>quod</span> 
     </span>
     <span class='ocr_line' id='line_1_37' title="bbox 285 2932 1340 2996; baseline 0.003 -14"><span class='ocrx_word' id='word_1_322' title='bbox 285 2935 396 2996; x_wconf 80' lang='lat' dir='ltr'>predicte</span> <span class='ocrx_word' id='word_1_323' title='bbox 414 2933 510 2983; x_wconf 88' lang='lat' dir='ltr'>decime</span> <span class='ocrx_word' id='word_1_324' title='bbox 533 2933 653 2982; x_wconf 81' lang='lat' dir='ltr'>medietas</span> <span class='ocrx_word' id='word_1_325' title='bbox 675 2934 737 2982; x_wconf 84' lang='lat' dir='ltr'>citra</span> <span class='ocrx_word' id='word_1_326' title='bbox 766 2934 869 2982; x_wconf 86' lang='lat' dir='ltr'>Festum</span> <span class='ocrx_word' id='word_1_327' title='bbox 896 2932 1075 2983; x_wconf 81' lang='lat' dir='ltr'>Ileeollaeionis</span> <span class='ocrx_word' id='word_1_328' title='bbox 1102 2935 1189 2984; x_wconf 85' lang='lat' dir='ltr'>Sancti</span> <span class='ocrx_word' id='word_1_329' title='bbox 1216 2935 1340 2986; x_wconf 87' lang='lat' dir='ltr'>Johaunis</span> 
     </span>
     <span class='ocr_line' id='line_1_38' title="bbox 284 2997 1339 3062; baseline 0.004 -15"><span class='ocrx_word' id='word_1_330' title='bbox 284 2999 398 3062; x_wconf 87' lang='lat' dir='ltr'>Baptiste</span> <span class='ocrx_word' id='word_1_331' title='bbox 410 2999 452 3060; x_wconf 72' lang='lat'>[29</span> <span class='ocrx_word' id='word_1_332' title='bbox 464 2997 544 3062; x_wconf 74' lang='lat' dir='ltr'>Aug]</span> <span class='ocrx_word' id='word_1_333' title='bbox 555 2998 717 3062; x_wconf 90' lang='lat' dir='ltr'>persolvatur.</span> <span class='ocrx_word' id='word_1_334' title='bbox 752 2999 848 3046; x_wconf 89' lang='lat' dir='ltr'>Datum</span> <span class='ocrx_word' id='word_1_335' title='bbox 864 2999 930 3062; x_wconf 85' lang='lat' dir='ltr'>apud</span> <span class='ocrx_word' id='word_1_336' title='bbox 943 2999 1074 3062; x_wconf 78' lang='lat' dir='ltr'>Taurigge,</span> <span class='ocrx_word' id='word_1_337' title='bbox 1092 2999 1117 3048; x_wconf 91' lang='lat' dir='ltr'>in</span> <span class='ocrx_word' id='word_1_338' title='bbox 1133 3001 1241 3049; x_wconf 85' lang='lat' dir='ltr'>crastino</span> <span class='ocrx_word' id='word_1_339' title='bbox 1253 3003 1339 3052; x_wconf 78' lang='lat' dir='ltr'>Sancti</span> 
     </span>
     <span class='ocr_line' id='line_1_39' title="bbox 284 3061 1338 3127; baseline 0.004 -15"><span class='ocrx_word' id='word_1_340' title='bbox 284 3064 415 3112; x_wconf 75' lang='lat' dir='ltr'>laurencii</span> <span class='ocrx_word' id='word_1_341' title='bbox 436 3063 477 3124; x_wconf 92' lang='lat' dir='ltr'>[lt</span> <span class='ocrx_word' id='word_1_342' title='bbox 497 3063 574 3126; x_wconf 75' lang='lat' dir='ltr'>Aug]</span> <span class='ocrx_word' id='word_1_343' title='bbox 594 3065 669 3112; x_wconf 81' lang='lat' dir='ltr'>Anno</span> <span class='ocrx_word' id='word_1_344' title='bbox 689 3063 792 3112; x_wconf 90' lang='lat' dir='ltr'>Domini</span> <span class='ocrx_word' id='word_1_345' title='bbox 814 3061 945 3114; x_wconf 76' lang='lat' dir='ltr'>u⁰cc⁰11⁰</span> <span class='ocrx_word' id='word_1_346' title='bbox 965 3071 1063 3127; x_wconf 84' lang='lat' dir='ltr'>quarto,</span> <span class='ocrx_word' id='word_1_347' title='bbox 1086 3069 1113 3113; x_wconf 90' lang='lat' dir='ltr'>et</span> <span class='ocrx_word' id='word_1_348' title='bbox 1141 3067 1338 3116; x_wconf 81' lang='lat' dir='ltr'>Consecracionis</span> 
     </span>
     <span class='ocr_line' id='line_1_40' title="bbox 282 3125 573 3192; baseline -0.003 -15"><span class='ocrx_word' id='word_1_349' title='bbox 282 3135 367 3178; x_wconf 90' lang='lat' dir='ltr'>nostre</span> <span class='ocrx_word' id='word_1_350' title='bbox 379 3131 501 3192; x_wconf 85' lang='lat' dir='ltr'>septimo;</span> <span class='ocrx_word' id='word_1_351' title='bbox 520 3125 573 3178; x_wconf 57' lang='lat'>311’.</span> 
     </span>
    </p>
   </div>
   <div class='ocr_carea' id='block_1_3' title="bbox 182 3208 636 3276">
    <p class='ocr_par' dir='ltr' id='par_1_5' title="bbox 182 3208 636 3276">
     <span class='ocr_line' id='line_1_41' title="bbox 182 3208 636 3276; baseline -0.004 -2"><span class='ocrx_word' id='word_1_352' title='bbox 182 3209 429 3276; x_wconf 80' lang='lat' dir='ltr'>-Oornmunie</span> <span class='ocrx_word' id='word_1_353' title='bbox 445 3208 570 3274; x_wconf 72' lang='lat' dir='ltr'>Otteuo</span> <span class='ocrx_word' id='word_1_354' title='bbox 582 3231 636 3272; x_wconf 92' lang='lat'>:-</span> 
     </span>
    </p>
   </div>
   <div class='ocr_carea' id='block_1_4' title="bbox 251 3309 1337 3832">
    <p class='ocr_par' dir='ltr' id='par_1_6' title="bbox 251 3309 1337 3828">
     <span class='ocr_line' id='line_1_42' title="bbox 251 3309 1336 3378; baseline 0.003 -15"><span class='ocrx_word' id='word_1_355' title='bbox 251 3315 305 3363; x_wconf 82' lang='lat' dir='ltr'>The</span> <span class='ocrx_word' id='word_1_356' title='bbox 324 3314 418 3376; x_wconf 82' lang='lat' dir='ltr'>Bishop</span> <span class='ocrx_word' id='word_1_357' title='bbox 435 3314 524 3362; x_wconf 86' lang='lat' dir='ltr'>recites</span> <span class='ocrx_word' id='word_1_358' title='bbox 544 3313 569 3375; x_wconf 86' lang='lat'>[9</span> <span class='ocrx_word' id='word_1_359' title='bbox 587 3309 661 3372; x_wconf 74' lang='lat' dir='ltr'>Decl,</span> <span class='ocrx_word' id='word_1_360' title='bbox 680 3311 754 3373; x_wconf 78' lang='lat'>1277]</span> <span class='ocrx_word' id='word_1_361' title='bbox 772 3311 815 3361; x_wconf 86' lang='lat' dir='ltr'>the</span> <span class='ocrx_word' id='word_1_362' title='bbox 832 3311 950 3362; x_wconf 83' lang='lat' dir='ltr'>Mandate</span> <span class='ocrx_word' id='word_1_363' title='bbox 967 3313 993 3360; x_wconf 87' lang='lat' dir='ltr'>oi</span> <span class='ocrx_word' id='word_1_364' title='bbox 1012 3311 1056 3362; x_wconf 89' lang='lat' dir='ltr'>the</span> <span class='ocrx_word' id='word_1_365' title='bbox 1073 3312 1166 3378; x_wconf 90' lang='lat' dir='ltr'>Bishop</span> <span class='ocrx_word' id='word_1_366' title='bbox 1185 3313 1212 3364; x_wconf 83' lang='lat' dir='ltr'>oi</span> <span class='ocrx_word' id='word_1_367' title='bbox 1231 3313 1336 3367; x_wconf 89' lang='lat' dir='ltr'>London</span> 
     </span>
     <span class='ocr_line' id='line_1_43' title="bbox 284 3377 1336 3446; baseline 0.002 -18"><span class='ocrx_word' id='word_1_368' title='bbox 284 3379 371 3438; x_wconf 85' lang='lat' dir='ltr'>(dated</span> <span class='ocrx_word' id='word_1_369' title='bbox 389 3385 417 3428; x_wconf 91' lang='lat' dir='ltr'>at</span> <span class='ocrx_word' id='word_1_370' title='bbox 435 3379 560 3436; x_wconf 85' lang='lat' dir='ltr'>Windsor,</span> <span class='ocrx_word' id='word_1_371' title='bbox 580 3378 623 3442; x_wconf 86' lang='lat' dir='ltr'>viij</span> <span class='ocrx_word' id='word_1_372' title='bbox 643 3379 769 3426; x_wconf 72' lang='lat' dir='ltr'>Kalendas</span> <span class='ocrx_word' id='word_1_373' title='bbox 785 3377 928 3426; x_wconf 80' lang='lat' dir='ltr'>Decembris</span> <span class='ocrx_word' id='word_1_374' title='bbox 946 3377 987 3438; x_wconf 76' lang='lat'>[24</span> <span class='ocrx_word' id='word_1_375' title='bbox 1004 3379 1059 3426; x_wconf 82' lang='lat' dir='ltr'>Nos</span> <span class='ocrx_word' id='word_1_376' title='bbox 1070 3379 1086 3438; x_wconf 92' lang='lat'>],</span> <span class='ocrx_word' id='word_1_377' title='bbox 1100 3379 1181 3438; x_wconf 80' lang='lat'>1277),</span> <span class='ocrx_word' id='word_1_378' title='bbox 1193 3381 1336 3446; x_wconf 77' lang='lat' dir='ltr'>containing</span> 
     </span>
     <span class='ocr_line' id='line_1_44' title="bbox 282 3443 1337 3508; baseline 0.003 -15"><span class='ocrx_word' id='word_1_379' title='bbox 282 3445 327 3494; x_wconf 88' lang='lat' dir='ltr'>the</span> <span class='ocrx_word' id='word_1_380' title='bbox 350 3445 468 3493; x_wconf 84' lang='lat' dir='ltr'>llandats</span> <span class='ocrx_word' id='word_1_381' title='bbox 491 3444 517 3492; x_wconf 83' lang='lat' dir='ltr'>ol</span> <span class='ocrx_word' id='word_1_382' title='bbox 539 3443 583 3492; x_wconf 71' lang='lat' dir='ltr'>use</span> <span class='ocrx_word' id='word_1_383' title='bbox 600 3443 756 3506; x_wconf 75' lang='lat' dir='ltr'>Archbishop</span> <span class='ocrx_word' id='word_1_384' title='bbox 774 3443 860 3503; x_wconf 86' lang='lat' dir='ltr'>(dated</span> <span class='ocrx_word' id='word_1_385' title='bbox 877 3447 904 3490; x_wconf 87' lang='lat' dir='ltr'>at</span> <span class='ocrx_word' id='word_1_386' title='bbox 921 3443 1130 3506; x_wconf 78' lang='lat' dir='ltr'>“Seclingdoue,”</span> <span class='ocrx_word' id='word_1_387' title='bbox 1149 3445 1191 3508; x_wconf 79' lang='lat' dir='ltr'>xvj</span> <span class='ocrx_word' id='word_1_388' title='bbox 1212 3445 1337 3496; x_wconf 82' lang='lat' dir='ltr'>Kalendas</span> 
     </span>
     <span class='ocr_line' id='line_1_45' title="bbox 281 3505 1333 3572; baseline 0.002 -14"><span class='ocrx_word' id='word_1_389' title='bbox 281 3509 427 3558; x_wconf 86' lang='lat' dir='ltr'>Decembris</span> <span class='ocrx_word' id='word_1_390' title='bbox 438 3507 481 3572; x_wconf 81' lang='grc'>[16</span> <span class='ocrx_word' id='word_1_391' title='bbox 493 3505 577 3572; x_wconf 81' lang='grc' dir='ltr'>Νον,],</span> <span class='ocrx_word' id='word_1_392' title='bbox 589 3507 615 3557; x_wconf 90' lang='lat' dir='ltr'>in</span> <span class='ocrx_word' id='word_1_393' title='bbox 627 3508 671 3557; x_wconf 88' lang='lat' dir='ltr'>the</span> <span class='ocrx_word' id='word_1_394' title='bbox 682 3523 750 3556; x_wconf 73' lang='lat' dir='ltr'>mma</span> <span class='ocrx_word' id='word_1_395' title='bbox 761 3508 838 3570; x_wconf 83' lang='lat' dir='ltr'>year),</span> <span class='ocrx_word' id='word_1_396' title='bbox 854 3511 881 3556; x_wconf 91' lang='lat' dir='ltr'>to</span> <span class='ocrx_word' id='word_1_397' title='bbox 893 3507 936 3556; x_wconf 90' lang='lat' dir='ltr'>the</span> <span class='ocrx_word' id='word_1_398' title='bbox 947 3507 1074 3572; x_wconf 74' lang='lat' dir='ltr'>following</span> <span class='ocrx_word' id='word_1_399' title='bbox 1085 3509 1158 3557; x_wconf 82' lang='lat' dir='ltr'>effect</span> <span class='ocrx_word' id='word_1_400' title='bbox 1171 3525 1176 3558; x_wconf 90' lang='lat'>:</span> <span class='ocrx_word' id='word_1_401' title='bbox 1196 3511 1211 3534; x_wconf 89' lang='lat'>“</span> <span class='ocrx_word' id='word_1_402' title='bbox 1220 3511 1333 3560; x_wconf 81' lang='lat' dir='ltr'>llcmini·</span> 
     </span>
     <span class='ocr_line' id='line_1_46' title="bbox 281 3571 1335 3638; baseline 0.002 -16"><span class='ocrx_word' id='word_1_403' title='bbox 281 3589 337 3624; x_wconf 86' lang='lat' dir='ltr'>mus</span> <span class='ocrx_word' id='word_1_404' title='bbox 364 3574 391 3623; x_wconf 93' lang='lat' dir='ltr'>in</span> <span class='ocrx_word' id='word_1_405' title='bbox 420 3573 617 3638; x_wconf 58' lang='lat' dir='ltr'>Conmegwom</span> <span class='ocrx_word' id='word_1_406' title='bbox 638 3577 724 3622; x_wconf 89' lang='lat' dir='ltr'>nostra</span> <span class='ocrx_word' id='word_1_407' title='bbox 746 3572 873 3621; x_wconf 89' lang='lat' dir='ltr'>communi</span> <span class='ocrx_word' id='word_1_408' title='bbox 900 3571 999 3622; x_wconf 91' lang='lat' dir='ltr'>dudum</span> <span class='ocrx_word' id='word_1_409' title='bbox 1021 3573 1107 3622; x_wconf 86' lang='lat' dir='ltr'>habita</span> <span class='ocrx_word' id='word_1_410' title='bbox 1129 3575 1335 3638; x_wconf 82' lang='lat' dir='ltr'>Norlnmptonie,</span> 
     </span>
     <span class='ocr_line' id='line_1_47' title="bbox 280 3637 1334 3702; baseline 0.001 -14"><span class='ocrx_word' id='word_1_411' title='bbox 280 3639 382 3702; x_wconf 84' lang='lat' dir='ltr'>negocia</span> <span class='ocrx_word' id='word_1_412' title='bbox 393 3639 468 3699; x_wconf 87' lang='lat' dir='ltr'>varia,</span> <span class='ocrx_word' id='word_1_413' title='bbox 485 3639 624 3688; x_wconf 83' lang='lat' dir='ltr'>utilitatem</span> <span class='ocrx_word' id='word_1_414' title='bbox 635 3639 728 3701; x_wconf 89' lang='lat' dir='ltr'>pariter</span> <span class='ocrx_word' id='word_1_415' title='bbox 739 3643 766 3686; x_wconf 91' lang='lat' dir='ltr'>et</span> <span class='ocrx_word' id='word_1_416' title='bbox 780 3637 900 3686; x_wconf 90' lang='lat' dir='ltr'>honorem</span> <span class='ocrx_word' id='word_1_417' title='bbox 917 3637 997 3686; x_wconf 87' lang='lat' dir='ltr'>tocius</span> <span class='ocrx_word' id='word_1_418' title='bbox 1014 3637 1122 3687; x_wconf 87' lang='lat' dir='ltr'>Ecclesia</span> <span class='ocrx_word' id='word_1_419' title='bbox 1133 3639 1268 3702; x_wconf 80' lang='lat' dir='ltr'>Anglicsne</span> <span class='ocrx_word' id='word_1_420' title='bbox 1279 3645 1334 3690; x_wconf 88' lang='lat' dir='ltr'>tan·</span> 
     </span>
     <span class='ocr_line' id='line_1_48' title="bbox 279 3702 1334 3828; baseline -0.001 -75"><span class='ocrx_word' id='word_1_421' title='bbox 279 3705 372 3818; x_wconf 52' lang='grc' dir='ltr'>Ξηεῇι,</span> <span class='ocrx_word' id='word_1_422' title='bbox 389 3705 516 3820; x_wconf 55' lang='lat' dir='ltr'>iffiedic</span> <span class='ocrx_word' id='word_1_423' title='bbox 533 3703 775 3828; x_wconf 39' lang='lat' dir='ltr'>hildegrimus,</span> <span class='ocrx_word' id='word_1_424' title='bbox 781 3702 1164 3817; x_wconf 52' lang='lat' dir='ltr'>inetquorumwexecucionemlicpt</span> <span class='ocrx_word' id='word_1_425' title='bbox 1174 3703 1214 3752; x_wconf 86' lang='lat' dir='ltr'>via</span> <span class='ocrx_word' id='word_1_426' title='bbox 1224 3705 1257 3753; x_wconf 89' lang='lat' dir='ltr'>de</span> <span class='ocrx_word' id='word_1_427' title='bbox 1267 3721 1334 3819; x_wconf 52' lang='lat' dir='ltr'>effi}</span> 
     </span>
    </p>

    <p class='ocr_par' dir='ltr' id='par_1_7' title="bbox 307 3783 1250 3832">
     <span class='ocr_line' id='line_1_49' title="bbox 307 3783 1250 3832; baseline -0.003 -14"><span class='ocrx_word' id='word_1_428' title='bbox 307 3785 401 3818; x_wconf 88' lang='lat' dir='ltr'>nmec</span> <span class='ocrx_word' id='word_1_429' title='bbox 460 3783 583 3832; x_wconf 82' lang='lat' dir='ltr'>cexcogr</span> <span class='ocrx_word' id='word_1_430' title='bbox 671 3783 753 3818; x_wconf 83' lang='lat' dir='ltr'>ausen</span> <span class='ocrx_word' id='word_1_431' title='bbox 843 3783 920 3817; x_wconf 86' lang='lat' dir='ltr'>exeeu</span> <span class='ocrx_word' id='word_1_432' title='bbox 949 3783 988 3816; x_wconf 91' lang='lat' dir='ltr'>res</span> <span class='ocrx_word' id='word_1_433' title='bbox 1015 3783 1084 3816; x_wconf 75' lang='lat' dir='ltr'>oraru</span> <span class='ocrx_word' id='word_1_434' title='bbox 1149 3784 1250 3832; x_wconf 78' lang='lat' dir='ltr'>psanm</span> 
     </span>
    </p>
   </div>
   <div class='ocr_carea' id='block_1_5' title="bbox 277 3833 1338 4159">
    <p class='ocr_par' dir='ltr' id='par_1_8' title="bbox 277 3833 1338 4159">
     <span class='ocr_line' id='line_1_50' title="bbox 278 3833 1334 3899; baseline -0.001 -15"><span class='ocrx_word' id='word_1_435' title='bbox 278 3835 401 3898; x_wconf 88' lang='lat' dir='ltr'>deputati,</span> <span class='ocrx_word' id='word_1_436' title='bbox 418 3835 478 3899; x_wconf 91' lang='lat' dir='ltr'>quia</span> <span class='ocrx_word' id='word_1_437' title='bbox 496 3839 581 3884; x_wconf 85' lang='lat' dir='ltr'>tamen</span> <span class='ocrx_word' id='word_1_438' title='bbox 597 3833 623 3882; x_wconf 90' lang='lat' dir='ltr'>in</span> <span class='ocrx_word' id='word_1_439' title='bbox 640 3833 792 3898; x_wconf 87' lang='lat' dir='ltr'>quibusdam</span> <span class='ocrx_word' id='word_1_440' title='bbox 808 3833 915 3897; x_wconf 85' lang='lat' dir='ltr'>negociis</span> <span class='ocrx_word' id='word_1_441' title='bbox 931 3847 976 3881; x_wconf 88' lang='lat' dir='ltr'>sau</span> <span class='ocrx_word' id='word_1_442' title='bbox 992 3833 1182 3882; x_wconf 71' lang='lat' dir='ltr'>ascensionibus</span> <span class='ocrx_word' id='word_1_443' title='bbox 1197 3833 1334 3883; x_wconf 88' lang='lat' dir='ltr'>eorundem</span> 
     </span>
     <span class='ocr_line' id='line_1_51' title="bbox 280 3897 1335 3960; baseline -0.001 -12"><span class='ocrx_word' id='word_1_444' title='bbox 280 3901 351 3949; x_wconf 87' lang='lat' dir='ltr'>nobis</span> <span class='ocrx_word' id='word_1_445' title='bbox 370 3901 453 3951; x_wconf 85' lang='lat' dir='ltr'>adhuc</span> <span class='ocrx_word' id='word_1_446' title='bbox 472 3901 558 3950; x_wconf 82' lang='lat' dir='ltr'>exitus</span> <span class='ocrx_word' id='word_1_447' title='bbox 578 3905 616 3948; x_wconf 92' lang='lat' dir='ltr'>est</span> <span class='ocrx_word' id='word_1_448' title='bbox 634 3900 753 3958; x_wconf 83' lang='lat' dir='ltr'>incertus,</span> <span class='ocrx_word' id='word_1_449' title='bbox 779 3899 888 3960; x_wconf 89' lang='lat' dir='ltr'>quedam</span> <span class='ocrx_word' id='word_1_450' title='bbox 912 3902 998 3948; x_wconf 90' lang='lat' dir='ltr'>autem</span> <span class='ocrx_word' id='word_1_451' title='bbox 1018 3898 1119 3960; x_wconf 88' lang='lat' dir='ltr'>penitus</span> <span class='ocrx_word' id='word_1_452' title='bbox 1135 3897 1335 3947; x_wconf 88' lang='lat' dir='ltr'>inconsummata</span> 
     </span>
     <span class='ocr_line' id='line_1_52' title="bbox 280 3960 1335 4028; baseline -0.005 -15"><span class='ocrx_word' id='word_1_453' title='bbox 280 3965 398 4028; x_wconf 77' lang='lat' dir='ltr'>enecet,</span> <span class='ocrx_word' id='word_1_454' title='bbox 420 3970 580 4016; x_wconf 85' lang='lat' dir='ltr'>emerserunt</span> <span class='ocrx_word' id='word_1_455' title='bbox 600 3965 678 4014; x_wconf 85' lang='lat' dir='ltr'>eciam</span> <span class='ocrx_word' id='word_1_456' title='bbox 706 3964 816 4028; x_wconf 86' lang='lat' dir='ltr'>quedam</span> <span class='ocrx_word' id='word_1_457' title='bbox 840 3979 905 4012; x_wconf 82' lang='lat' dir='ltr'>nora</span> <span class='ocrx_word' id='word_1_458' title='bbox 926 3976 976 4023; x_wconf 89' lang='lat' dir='ltr'>que</span> <span class='ocrx_word' id='word_1_459' title='bbox 998 3963 1030 4010; x_wconf 87' lang='lat' dir='ltr'>ad</span> <span class='ocrx_word' id='word_1_460' title='bbox 1052 3961 1204 4010; x_wconf 88' lang='lat' dir='ltr'>eversionem</span> <span class='ocrx_word' id='word_1_461' title='bbox 1229 3960 1335 4022; x_wconf 83' lang='lat' dir='ltr'>jurium,</span> 
     </span>
     <span class='ocr_line' id='line_1_53' title="bbox 280 4023 1335 4093; baseline -0.008 -13"><span class='ocrx_word' id='word_1_462' title='bbox 280 4033 498 4091; x_wconf 86' lang='lat' dir='ltr'>consuetudinum,</span> <span class='ocrx_word' id='word_1_463' title='bbox 515 4029 669 4093; x_wconf 88' lang='lat' dir='ltr'>libertatum,</span> <span class='ocrx_word' id='word_1_464' title='bbox 681 4034 792 4093; x_wconf 88' lang='lat' dir='ltr'>etgrave</span> <span class='ocrx_word' id='word_1_465' title='bbox 808 4028 948 4092; x_wconf 89' lang='lat' dir='ltr'>periculum</span> <span class='ocrx_word' id='word_1_466' title='bbox 965 4027 1074 4075; x_wconf 83' lang='lat' dir='ltr'>Ecclesia</span> <span class='ocrx_word' id='word_1_467' title='bbox 1090 4025 1226 4087; x_wconf 81' lang='lat' dir='ltr'>Anglicane</span> <span class='ocrx_word' id='word_1_468' title='bbox 1243 4023 1335 4072; x_wconf 88' lang='lat' dir='ltr'>redun-</span> 
     </span>
     <span class='ocr_line' id='line_1_54' title="bbox 277 4089 1338 4159; baseline -0.014 -8"><span class='ocrx_word' id='word_1_469' title='bbox 277 4095 344 4159; x_wconf 81' lang='lat' dir='ltr'>dant,</span> <span class='ocrx_word' id='word_1_470' title='bbox 362 4097 528 4150; x_wconf 83' lang='lat' dir='ltr'>Fraternitati</span> <span class='ocrx_word' id='word_1_471' title='bbox 545 4101 627 4146; x_wconf 85' lang='lat' dir='ltr'>vestre</span> <span class='ocrx_word' id='word_1_472' title='bbox 659 4133 665 4147; x_wconf 92' lang='lat'><em>.</em></span> <span class='ocrx_word' id='word_1_473' title='bbox 703 4137 708 4154; x_wconf 83' lang='lat'>,</span> <span class='ocrx_word' id='word_1_474' title='bbox 744 4129 750 4142; x_wconf 93' lang='lat'>.</span> <span class='ocrx_word' id='word_1_475' title='bbox 784 4094 935 4143; x_wconf 83' lang='lat' dir='ltr'>mandamus</span> <span class='ocrx_word' id='word_1_476' title='bbox 951 4091 1072 4156; x_wconf 88' lang='lat' dir='ltr'>quatinus</span> <span class='ocrx_word' id='word_1_477' title='bbox 1088 4105 1174 4138; x_wconf 89' lang='lat' dir='ltr'>omnes</span> <span class='ocrx_word' id='word_1_478' title='bbox 1193 4089 1294 4139; x_wconf 78' lang='lat' dir='ltr'>Fratres</span> <span class='ocrx_word' id='word_1_479' title='bbox 1309 4091 1338 4136; x_wconf 83' lang='lat' dir='ltr'>et</span> 
     </span>
    </p>
   </div>
   <div class='ocr_carea' id='block_1_6' title="bbox 178 4217 1334 4372">
    <p class='ocr_par' dir='ltr' id='par_1_9' title="bbox 178 4217 1334 4372">
     <span class='ocr_line' id='line_1_55' title="bbox 181 4217 1334 4253; baseline -0.003 -13"><span class='ocrx_word' id='word_1_480' title='bbox 181 4217 1334 4253; x_wconf 61' lang='lat'><strong>-—-.......-..----————-——----···-</strong></span> 
     </span>
     <span class='ocr_line' id='line_1_56' title="bbox 178 4295 854 4372; baseline -0.003 -25"><span class='ocrx_word' id='word_1_481' title='bbox 178 4295 184 4331; x_wconf 86' lang='lat'>¹</span> <span class='ocrx_word' id='word_1_482' title='bbox 202 4297 242 4348; x_wconf 86' lang='lat' dir='ltr'>die</span> <span class='ocrx_word' id='word_1_483' title='bbox 253 4299 320 4350; x_wconf 81' lang='lat' dir='ltr'>Jovis</span> <span class='ocrx_word' id='word_1_484' title='bbox 330 4306 439 4368; x_wconf 78' lang='lat' dir='ltr'>proxima</span> <span class='ocrx_word' id='word_1_485' title='bbox 453 4309 516 4372; x_wconf 85' lang='lat' dir='ltr'>post</span> <span class='ocrx_word' id='word_1_486' title='bbox 527 4301 633 4354; x_wconf 81' lang='lat' dir='ltr'>Festum</span> <span class='ocrx_word' id='word_1_487' title='bbox 644 4299 718 4352; x_wconf 80' lang='lat' dir='ltr'>Beati</span> <span class='ocrx_word' id='word_1_488' title='bbox 731 4295 854 4347; x_wconf 86' lang='lat' dir='ltr'>Nicbolai.</span> 
     </span>
    </p>
   </div>
   <div class='ocr_carea' id='block_1_7' title="bbox 0 0 1654 4984">
    <p class='ocr_par' dir='ltr' id='par_1_10' title="bbox 0 0 1654 4984">
     <span class='ocr_line' id='line_1_57' title="bbox 0 0 1654 4984; baseline 0 0"><span class='ocrx_word' id='word_1_489' title='bbox 0 0 1654 4984; x_wconf 95' lang='lat' dir='ltr'> </span> 
     </span>
    </p>
   </div>
  </div>
 </body>
</html>
