3224 4984
577 491 627 544 or
643 491 786 544 Bienor
803 487 1091 542 nnonnsoonun.
1367 459 1410 533 19

240 658 299 693 cum
310 645 403 695 eodem
420 645 450 696 in
466 647 597 710 peccetie;
617 661 712 710 nosque
724 645 887 695 beneficiatis
901 650 987 694 nostre
1001 643 1111 693 Dioceeis
1127 659 1171 707 per
1185 658 1229 692 roe
1245 646 1272 691 et
1286 641 1409 690 iocorum

243 711 441 760 Arcbidineouoa
453 713 486 761 ed
500 713 591 762 Sacros
608 710 714 761 Ordines
725 711 902 774 suscipiendos,
919 711 1058 760 secundum
1070 714 1152 758 statua
1163 707 1299 772 cujuslibet
1310 706 1407 768 exigen-

246 775 317 836 eiam,
328 777 467 826 ieeerimue
479 779 512 826 ad
523 777 676 840 presenciam
687 781 800 826 nostram
811 776 893 840 sepius
905 775 1008 833 evocari.
1027 791 1055 824 ec
1066 775 1167 837 iusuper
1178 773 1302 823 canonice
1314 769 1409 848 menei-i

248 840 324 888 utin
344 841 399 890 suis
425 840 561 892 Beneficiis
581 842 725 902 residerent,
748 847 780 891 ut
799 845 935 890 tenentur:
952 845 986 901 et,
1004 840 1063 890 licet
1079 838 1252 904 hujuscemodi
1272 853 1317 900 pro
1334 851 1409 885 vanu

249 906 414 955 mutumeoiie
426 911 454 955 et
465 907 567 956 offensis
578 907 678 971 &uvius
689 906 811 956 hactenus
828 906 954 969 punivisse
969 920 1104 969 possemus,
1116 919 1192 968 penae
1203 909 1288 952 tamen
1299 901 1410 952 humane

251 972 420 1020 mansuetudo
448 972 550 1021 differre
572 971 659 1036 cuent,
683 987 745 1035 quea
767 987 827 1020 curn
849 971 983 1020 Pusterelis
1004 969 1186 1029 sollicitudinis,
1209 968 1286 1018 solius
1307 967 1408 1032 justicie

252 1049 355 1096 mernor,
374 1036 470 1085 inferre
489 1037 588 1096 euseit;
603 1037 663 1099 quie
678 1041 764 1086 tamen
780 1051 857 1099 pensa
874 1035 1010 1086 canonicae
1026 1050 1071 1099 pro
1082 1035 1178 1084 meritis
1192 1033 1291 1083 debitas
1310 1033 1408 1084 differre

253 1099 315 1162 quin
327 1116 369 1148 ene
380 1102 590 1164 delinquentibus
598 1102 672 1165 juxta
679 1101 744 1165 juris
755 1101 907 1162 erineneiam
918 1101 1055 1150 inieramus
1066 1099 1172 1150 ulterius
1183 1114 1234 1148 uon
1245 1099 1409 1158 audemus,-

253 1165 370 1226 notorie,
382 1165 404 1214 si
416 1168 531 1230 Sponsus
548 1168 652 1228 venerit,
668 1183 714 1216 noe
730 1167 843 1215 iuveniat
856 1165 1121 1226 dormientes,-vobis
1136 1165 1291 1224 insudamus,
1303 1163 1410 1215 firmiter

253 1229 425 1294 injungentes,
437 1232 558 1294 quatinus
570 1249 614 1296 per
630 1237 714 1282 tetum
731 1231 970 1281 Arcbidieconatum
988 1230 1113 1280 cornubie
1128 1229 1261 1292 diligenter
1275 1229 1409 1291 inquiratis

254 1300 282 1343 et
292 1294 390 1344 lecistis
400 1296 503 1360 inquiri,
515 1297 559 1360 qui
568 1297 719 1358 Benetieisti,
731 1311 816 1346 curem
825 1297 966 1346 animarum
973 1295 1101 1349 hebentes.
1110 1310 1161 1344 nou
1170 1294 1256 1344 sintin
1266 1293 1410 1344 Preebiterii

254 1360 350 1408 Ordine
361 1361 502 1422 constituti,
514 1367 559 1412 eut
570 1363 648 1412 eciam
665 1363 859 1424 Redemptorem
870 1377 946 1410 suum
962 1365 989 1410 et
1000 1361 1083 1424 ipsum
1095 1360 1215 1410 Ordinem
1226 1359 1410 1410 Preebitentua

252 1425 411 1485 deludentes,
423 1427 533 1476 ordinati
552 1427 694 1488 Presbiteri,
711 1442 787 1476 suum
805 1433 836 1475 ut
852 1431 972 1476 tenentur
990 1441 1041 1476 non
1058 1429 1219 1490 exequuntur
1234 1424 1365 1485 Officium
1382 1432 1411 1475 et

253 1490 299 1552 qni
316 1489 342 1538 in
360 1489 492 1540 Beneficiis
508 1491 560 1541 suis
577 1493 739 1541 residencium
755 1507 806 1541 non
824 1491 922 1541 indunt
938 1491 1107 1555 personalem
1126 1490 1221 1554 quique
1237 1505 1338 1554 corpore
1355 1506 1408 1554 pre·

252 1559 347 1614 mutes,
369 1556 461 1619 spiritu
484 1572 542 1606 vero
564 1557 687 1618 absentee,
710 1562 808 1606 terrem
827 1562 854 1606 et
881 1557 988 1606 mmaiis
1010 1557 1146 1621 plusquam
1172 1555 1272 1605 celestia
1299 1556 1408 1620 eupiunt¹

253 1619 387 1669 denarium
408 1621 533 1684 recipiunt
552 1627 591 1672 eet
604 1621 703 1672 vineam
722 1621 824 1672 Domini
837 1637 888 1670 non
908 1621 1001 1672 colunt
1036 1621 1077 1672 ad
1094 1621 1148 1682 bec,
1165 1621 1225 1684 quie
1237 1621 1269 1670 de
1282 1621 1410 1671 nonnullis

252 1685 412 1748 empicamue
432 1687 501 1749 quod
519 1687 701 1736 Patrimonium
721 1687 848 1748 Orucifixi,
866 1687 898 1736 de
920 1687 1037 1738 menibus
1053 1687 1146 1736 nostris
1165 1698 1192 1736 et
1208 1685 1410 1750 predecessorum

252 1755 399 1799 nostrorum
418 1756 555 1814 receptum,
575 1752 643 1816 quod
662 1767 766 1801 suerum
785 1751 952 1802 Eeclesierum
971 1752 1043 1812 bona,
1060 1752 1127 1802 ultra
1142 1767 1244 1801 suorum
1263 1751 1410 1802 victualium

252 1815 398 1876 nereoearin,
420 1831 471 1864 non
489 1817 521 1865 ed
537 1822 655 1867 ornatum
672 1817 784 1882 ipssmm
800 1817 967 1866 Feclesiarum
988 1817 1098 1882 eliasque
1119 1821 1196 1876 prout
1212 1816 1280 1866 Serri
1298 1817 1411 1866 Oenones

252 1880 402 1942 disponunt,
413 1882 567 1944 expendunt,
584 1888 623 1932 eet
639 1888 686 1932 aut
700 1881 828 1931 luxuriose
844 1887 998 1932 consumunt
1013 1888 1060 1932 eut
1076 1881 1238 1946 negociantur
1249 1897 1293 1945 per
1309 1897 1335 1931 se
1351 1897 1410 1945 aup-

253 1946 381 2008 poeitasve
397 1961 521 2009 personas,
541 1951 587 1996 aut
606 1947 658 1996 suis
677 1946 817 1996 carnelibus
836 1947 1001 2008 distribuunt,
1018 1952 1063 1996 aut
1079 1947 1244 2011 pwessiones
1262 1947 1411 2010 temporales

252 2015 408 2072 comparent,
432 2011 554 2061 Ecclesiae
579 2028 636 2062 sues
656 2013 804 2076 hujusmodi
823 2011 895 2062 bonis
917 2013 1115 2071 defraudentee,;
1137 2011 1169 2060 de
1186 2011 1279 2076 quibus
1295 2013 1410 2062 uinctam

252 2081 281 2123 et
305 2091 398 2136 rerem,
417 2082 543 2139 quantum
561 2077 677 2142 possibile
696 2077 780 2138 luerit,
802 2077 855 2126 fleri
872 2077 968 2127 iacietis
987 2077 1195 2142 inquisitionem:
1218 2077 1250 2126 de
1269 2076 1318 2126 bila
1332 2077 1410 2127 eciam

252 2140 389 2203 diligenter
403 2140 538 2204 inquiratis
557 2143 601 2206 qui
618 2142 692 2206 plum
704 2141 800 2192 babent
817 2143 948 2204 &asisin
965 2148 1052 2192 contre
1072 2141 1287 2192 Constitucionem
1307 2141 1411 2192 Conciiii

253 2205 383 2254 Generalis
400 2205 511 2270 aliasque
525 2207 661 2256 Canonieee
679 2207 842 2267 Seneciouee3
859 2207 1009 2271 prefigsntes
1026 2207 1184 2272 presentibus
1201 2207 1276 2268 diem,
1295 2208 1411 2257 absentee

253 2285 313 2318 vero
324 2273 491 2334 peremptorie
509 2271 616 2321 citantes
632 2273 700 2336 quod
717 2277 878 2336 compereant
893 2288 976 2322 cerem
994 2273 1099 2323 officiali
1115 2273 1410 2330 nortmannicarum

253 2336 511 2398 mimatensem
530 2337 630 2400 capelle
646 2337 733 2386 Sancti
749 2337 875 2386 Michaelis
891 2337 967 2400 juxte
985 2337 1105 2399 Oowieke,
1117 2338 1143 2386 in
1160 2338 1269 2386 crastino
1280 2337 1411 2387 Dominiee

252 2415 304 2463 qus
315 2405 434 2450 cantatur
445 2401 530 2450 Letoce
545 2401 680 2452 Imuolem
697 2401 739 2463 [28
757 2402 850 2462 March,
863 2401 945 2462 12781,
958 2401 1161 2466 Dispeueeuiones
1173 2403 1244 2452 Sedis
1262 2402 1411 2466 Apoetolioe,

253 2465 274 2513 si
286 2480 351 2528 quse
362 2465 464 2524 hubent,
475 2467 609 2527 ostensuri,
622 2467 713 2516 lecturi
724 2471 751 2516 et
765 2468 890 2530 recepturi
908 2469 976 2530 quod
987 2467 1120 2516 dictaverit
1131 2469 1192 2516 ordo
1205 2467 1271 2531 juris
1283 2483 1290 2528 ς
1313 2472 1410 2516 eontra·

253 2531 362 2578 dictores
374 2535 401 2578 et
412 2531 523 2592 rebelles,
537 2532 558 2580 si
570 2547 633 2595 quos
644 2531 796 2592 inveneritis,
808 2548 852 2594 per
863 2548 993 2582 censuram
1006 2533 1203 2582 Ecclesiasticem
1217 2537 1408 2596 compescentes.

253 2595 315 2654 Noe,
328 2610 394 2656 sero,
406 2596 678 2654 excommunicacionis.
696 2597 872 2660 suspensionis,
889 2603 935 2646 eut
950 2597 1078 2647 interdicti
1093 2597 1239 2658 sentenciae,
1256 2597 1350 2660 siquas
1362 2597 1410 2646 rite

252 2660 365 2708 tuleritis
376 2660 402 2709 in
411 2661 522 2722 rebelles,
530 2677 610 2725 usque
620 2663 652 2710 ed
661 2661 858 2711 sotisiuccionem
867 2663 1023 2725 condignam,
1032 2669 1159 2712 annuente
1167 2663 1282 2722 Domino,
1291 2661 1410 2712 leciemus

252 2725 431 2773 inviolabiliter
441 2725 576 2776 observari.
612 2727 653 2775 Ad
665 2727 717 2787 beo,
735 2727 794 2790 quie
814 2727 871 2776 rire
887 2728 953 2776 vocis
969 2727 1069 2776 oraculo
1085 2729 1194 2792 quedam
1206 2728 1276 2776 vobis
1288 2743 1333 2790 pro
1344 2743 1409 2776 oom-

252 2791 326 2838 muni
355 2790 466 2838 utilitate
482 2793 639 2854 exequendi,
665 2807 746 2856 nuper
768 2791 793 2840 in
817 2793 1016 2855 Congregecione
1045 2793 1201 2842 Preietorum
1224 2791 1410 2842 cantuariensis

253 2855 385 2902 Provincie
391 2860 418 2904 et
426 2855 491 2905 Cleri
500 2857 605 2919 provise,
619 2857 795 2918 commisimus,
804 2873 881 2920 super
891 2873 942 2920 quo
954 2857 1028 2908 iidem
1042 2857 1110 2906 vobis
1122 2857 1235 2906 adhiberi
1246 2857 1362 2906 volumus
1373 2858 1409 2906 in-

253 2919 405 2980 dubitatem,
418 2925 505 2970 tenore
517 2921 676 2970 Presencium
687 2921 792 2985 singulis
808 2923 987 2972 innotescimus
1000 2923 1070 2986 quod
1081 2923 1200 2986 quicquid
1212 2939 1256 2985 per
1268 2938 1311 2970 vos
1322 2921 1347 2970 in
1364 2921 1410 2972 bec

254 2989 327 3047 pnite
337 2991 437 3046 gestum
450 2985 461 3033 i
463 2986 528 3035 uerit
539 2992 623 3035 retum
636 2985 791 3046 habebimus,
803 2992 911 3049 gratum,
923 2993 950 3037 et
961 2993 1096 3050 acceptum
1133 2987 1245 3048 Qualiter
1255 2992 1342 3036 entem
1353 3003 1409 3050 prn-

254 3065 312 3098 aens
323 3049 474 3098 Mandutum
492 3055 608 3100 nostrum
621 3052 720 3100 fueritis
737 3053 836 3100 executi
852 3053 935 3116 quoad
954 3053 1099 3116 prefixionee
1116 3058 1143 3102 et
1153 3053 1285 3101 citeoionee
1296 3053 1411 3115 superine

254 3119 396 3173 annotetis,
414 3130 460 3163 noa
480 3116 520 3164 vel
538 3116 674 3165 Offioinleui
691 3122 813 3176 nostrum,
833 3117 952 3180 predictis
969 3117 1010 3166 die
1027 3123 1054 3166 et
1064 3118 1124 3178 loeo,
1141 3133 1186 3180 per
1205 3117 1298 3166 [iterus
1315 3122 1410 3166 resinis

255 3180 376 3228 Petentes
388 3179 478 3228 henim
489 3181 579 3230 seriem
590 3181 748 3230 continentes
759 3181 917 3243 certificetis;
942 3197 1017 3246 super
1033 3183 1087 3232 aliis
1104 3182 1250 3232 relacionem
1262 3182 1373 3232 debitam
1384 3189 1411 3232 et

255 3244 363 3306 fidelem,
375 3261 434 3339 cnm
446 3245 546 3295 luerim
557 3245 680 3340 requisiti,
692 3246 789 3335 iectgrri
824 3247 977 3341 Datumftc.
990 3249 1030 3309 (ut
1040 3249 1138 3344 ruprgk
1156 3245 1207 3298 84¹².

288 3373 328 3423 On
340 3391 356 3423 n
367 3375 418 3439 dey
430 3375 487 3436 (not
498 3377 591 3436 stated)
605 3377 619 3400 ‘¹
627 3391 712 3425 mense
721 3375 898 3440 Septembris,’'
913 3377 983 3438 1278,
992 3378 1035 3427 the
1044 3377 1137 3441 Bisbop
1143 3377 1249 3442 granted
1260 3393 1292 3426 un
1303 3376 1411 3442 annuity

254 3439 281 3487 oi
291 3440 425 3490 sinmerks
434 3441 450 3466 “
459 3441 579 3504 Magistro
607 3478 816 3491 ......
847 3443 946 3492 Rectori
958 3443 1066 3492 Eoclesie
1077 3443 1109 3492 ds
1127 3478 1377 3492 .......

254 3505 598 3621 ἓῧὲᾱωρηῖὴρῗιέἰιᾱίτῗωιῶ
609 3506 690 3555 eidem
708 3507 739 3555 de
756 3507 864 3556 uberiori
881 3505 1030 3558 Beneficio.”
1062 3507 1115 3557 ‘lire
1127 3508 1230 3557 careleee
1246 3508 1325 3556 acribo
1336 3521 1412 3557 never

331 3587 357 3620 m
400 3588 415 3619 e
478 3587 486 3618 ι
505 3587 565 3620 s.-
600 3606 606 3621 .

285 3635 370 3686 litem
384 3637 489 3686 :-“Ad
509 3637 648 3700 petendum
665 3641 692 3685 et
708 3637 885 3701 recipiendum,
901 3638 1003 3688 nomine
1022 3643 1114 3698 nostru,
1132 3643 1234 3687 centum
1252 3637 1328 3687 libras
1349 3642 1410 3686 eter-

253 3700 389 3764 iingmnm,
402 3716 468 3764 ques
479 3701 568 3750 nobilis
580 3702 619 3750 vir
630 3701 754 3752 Dominus
767 3703 925 3764 Edmundus,
938 3703 1027 3753 Comes
1039 3701 1223 3762 cornubiensis,
1236 3703 1307 3752 nobis
1318 3703 1412 3752 solvere

253 3771 361 3828 tenetur,
374 3767 402 3816 in
416 3767 495 3815 Festo
508 3767 656 3816 Nativitatie
671 3767 742 3817 Beati
754 3767 878 3817 Johennie
889 3769 1003 3831 Baptiste
1019 3769 1060 3829 [24
1077 3769 1092 3817 J
1095 3767 1162 3828 uue]‚
1174 3783 1219 3830 per
1229 3767 1412 3816 ordinacionem

250 3831 419 3884 Sereniseime
428 3831 544 3892 Domine,
554 3831 663 3882 Domine
671 3833 794 3894 Alienon,
807 3833 897 3897 Anglii
909 3833 1009 3897 Regina,
1019 3839 1046 3882 et
1057 3831 1210 3882 Venerabilis
1221 3831 1303 3881 Patris
1310 3831 1413 3880 Domini

249 3898 432 3949 Buthcniensis
451 3900 480 3945 et
496 3897 628 3946 Wellensie
647 3897 770 3963 Episcopi,
789 3897 935 3960 Dumium,
956 3899 1035 3947 civem
1055 3901 1082 3947 et
1100 3901 1263 3947 mercatorem
1286 3896 1414 3946 liorencie

245 3973 367 4016 nostrum
379 3963 494 4013 iacimus
511 3999 679 4012 .....
697 3968 884 4028 procuratorem
900 3979 945 4012 eeu
962 3961 1246 4012 stornatum-Dotem
1257 3961 1324 4024 apud
1336 3960 1412 4008 Hore-

242 4031 323 4097 legbe,
337 4033 365 4081 iu
379 4030 462 4080 Festo
475 4027 558 4078 Sancti
570 4027 690 4090 Barnnbe,
702 4028 819 4096 Apostoli
831 4028 871 4090 (11
885 4029 971 4091 June),
984 4029 1061 4088 1280;
1080 4027 1118 4080 97.
