3322 4982
322 385 394 464 224
567 405 709 460 mesos
725 381 1035 462 ssoumccuss’s
1051 406 1248 463 materna.

325 579 506 720 Plymiim‘
520 583 869 670 Priory-continued.

389 695 421 708 -
463 687 496 720 no
518 672 612 732 eodem,
630 673 671 721 die
688 673 774 722 Sancti
790 673 891 722 Andree
909 673 951 736 [80
967 673 1039 733 Nor,
1057 669 1143 737 1259}
1159 672 1227 738 apud
1247 671 1363 722 Hsmbiri
1385 669 1476 732 [Brosd

422 735 573 802 Hembnry]‚
595 737 698 786 admffit
719 738 837 799 Brictius,
861 739 1002 788 canonicus
1023 738 1183 802 Plimptcnie,
1209 739 1310 787 nomiae
1337 736 1429 786 Prioris
1451 741 1477 785 et
1571 787 1572 790 ,

424 800 577 864 Conventus,
589 802 754 851 correctiones
764 803 834 866 prius
845 804 951 852 traditas
962 804 988 852 in
999 803 1150 853 Visitacione
1160 803 1254 853 ibidem
1265 803 1389 852 celebrate
1400 817 1406 862 ς
1424 797 1460 850 9¹².

389 865 503 926 -Anno,
520 867 568 928 die,
586 873 612 916 et
628 867 682 916 loco
698 868 792 917 eisdem
809 868 835 928 [5
848 865 926 928 Oct,l
939 869 1065 918 lael-sc
1076 869 1187 930 Exeter],
1199 868 1323 918 Dominus
1340 867 1477 930 Episcopus

421 931 554 981 diffinitive
577 932 752 995 pronunciavit
770 932 936 982 collacionem
960 933 1087 989 Willelmi,
1104 935 1232 997 quondam
1252 932 1399 982 Excniensis
1417 931 1475 994 Epi·

421 996 496 1058 scopi,
504 995 597 1046 iactam
605 998 637 1046 de
645 997 754 1046 Ecclesia
763 998 794 1046 de
803 998 922 1046 Lendelrc
934 998 982 1059 [St.
993 999 1066 1060 Kew]
1077 1014 1127 1048 non
1137 999 1226 1058 valere,
1236 1001 1262 1046 et
1270 1013 1315 1061 per
1323 1011 1475 1059 consequens

420 1061 519 1110 dudum
530 1067 617 1126 postea
633 1063 797 1126 subsequium
815 1063 1036 1113 Oonfirmscionem
1054 1063 1165 1128 Capituli
1182 1063 1337 1122 Exonieneis,
1353 1067 1475 1123 tanquam

420 1126 505 1175 miuus
516 1126 661 1190 legitimam,
673 1143 724 1176 non
735 1137 826 1176 tenere
857 1128 930 1188 Item,
942 1129 991 1178 alic
1001 1128 1107 1188 racione,
1119 1144 1178 1178 cum
1186 1128 1298 1177 condicio
1308 1131 1336 1176 et
1346 1131 1428 1176 status
1439 1125 1475 1174 rei

420 1191 521 1304 penitus
540 1197 606 1241 esset
621 1193 779 1250 immutatus,
796 1193 864 1241 idem
881 1193 1019 1256 Episcopus
1035 1193 1212 1257 pronunciavit
1227 1193 1321 1242 dictem
1339 1191 1474 1240 Ecclesiam

431 1256 532 1318 egitimo
543 1257 710 1320 gubernatore
721 1258 878 1317 destitutam,
890 1263 916 1306 et
927 1259 959 1306 ad
969 1258 1159 1308 Ordinacionem
1170 1273 1242 1306 susm
1254 1273 1298 1306 seu
1308 1256 1474 1307 Gollscicuem

420 1321 572 1384 devolutam,
584 1338 613 1371 ac
624 1337 679 1371 eam
696 1337 740 1371 sue
752 1323 910 1371 Ordinacioni
926 1339 970 1371 seu
988 1323 1122 1372 collacioni
1133 1323 1273 1372 reservavit
1309 1323 1382 1381 ltem,
1399 1336 1473 1377 nnnc,

420 1385 468 1446 die,
479 1391 507 1435 et
517 1386 571 1436 loco
582 1387 682 1448 eisdem,
695 1387 774 1436 dictos
786 1387 898 1436 Priorem
909 1393 936 1437 et
948 1389 1107 1438 conventum
1119 1388 1254 1438 Ecclesiam
1266 1387 1298 1436 de
1309 1386 1380 1435 Dene
1390 1383 1473 1449 [Dean

421 1451 503 1513 Prior]
514 1452 605 1501 viciose
616 1457 642 1501 et
653 1456 740 1501 contra
749 1452 877 1515 justiciam
885 1452 1007 1516 ingressos
1016 1469 1069 1502 esse
1079 1453 1261 1516 pronunciavit,
1274 1457 1301 1500 et
1311 1467 1353 1500 ecs
1364 1450 1474 1500 Ecclesia

418 1515 472 1578 ipsa
480 1533 525 1580 per
532 1517 665 1568 diffinitam
678 1515 859 1580 [Sentcnciam]
870 1517 985 1581 prirsvit,
997 1518 1117 1582 Magistro
1125 1518 1237 1569 Geroda
1244 1517 1274 1567 de
1281 1516 1407 1567 &idemne
1417 1530 1471 1564 eam

418 1581 576 1643 conferendo,
587 1582 614 1631 iu
625 1582 672 1631 hec
682 1583 758 1632 verba
771 1599 810 1632 :-

386 1643 453 1694 Oum
469 1647 587 1709 Religiosi
603 1647 664 1708 Viri,
676 1647 748 1696 Prior
763 1651 791 1696 et
810 1647 956 1698 Conventus
973 1648 1125 1712 Plimptonie
1144 1647 1225 1698 vocati
1241 1647 1349 1697 luissent
1364 1649 1396 1694 ut
1406 1660 1471 1694 ccm-

417 1715 535 1822 psrerent
552 1727 635 1760 coram
652 1713 724 1760 nobis
743 1727 775 1761 ex
795 1713 875 1762 Officii
893 1713 979 1762 debito
995 1714 1193 1776 procedentibus,
1211 1713 1253 1774 jus
1270 1728 1353 1772 suum,
1369 1711 1472 1774 siquod

436 1775 520 1838 abent,
540 1776 567 1825 in
584 1777 700 1826 Ecclesiis
719 1777 751 1826 de
769 1777 962 1827 Ekebolrelcnde
977 1777 1187 1841 [Eggbuclslandl
1202 1779 1234 1827 de
1253 1777 1380 1836 landabo,
1395 1781 1422 1824 et
1440 1775 1472 1824 de

418 1839 496 1900 Dene,
509 1857 572 1906 quaa
587 1841 699 1891 detinere
715 1842 888 1904 dinoscuntur,
900 1843 1042 1902 ostensuri;
1059 1844 1133 1894 dictis
1150 1843 1279 1906 Religionis
1295 1857 1378 1892 coram
1398 1841 1471 1890 Com·

418 1905 537 1955 misssn'is
546 1907 637 1956 nostris
648 1907 722 1956 certis
733 1907 774 1956 die
785 1913 812 1957 et
822 1907 876 1956 loco
887 1909 1096 1971 comparentibus,
1108 1925 1139 1958 ex
1150 1913 1221 1971 perte
1232 1923 1318 1957 eorum
1330 1905 1472 1956 exhibitum

418 1969 469 2019 fuit
496 1971 623 2034 quoddam
646 1971 808 2034 Privilegium
830 1972 895 2022 bone
922 1973 1040 2022 memorie
1062 1973 1198 2023 Alexandri
1223 1974 1290 2036 Pape
1311 1969 1373 2036 iiijfl,
1396 1987 1472 2034 super

419 2035 529 2085 Ecclesia
550 2037 581 2085 de
601 2037 800 2099 Ekebokelcnds,
823 2053 868 2101 per
889 2038 958 2101 quod
979 2039 1015 2087 cis
1036 2039 1109 2088 licere
1128 2039 1246 2088 dicebant
1264 2038 1343 2101 ipsius
1363 2035 1471 2086 Ecclesie

418 2101 596 2164 possessionem
618 2101 716 2179 ingredi
738 2118 795 2151 cum
823 2117 879 2151 enm
906 2118 992 2152 vacare
1016 2104 1173 2166 contingeret
1200 2119 1244 2167 per
1271 2103 1406 2152 cessionem
1426 2106 1472 2150 sut

418 2165 547 2214 decessum
558 2167 670 2215 Rsotcns
682 2167 803 2230 ejusdem,
815 2183 936 2216 consensu
954 2168 1093 2231 Dyoccsani
1109 2169 1212 2217 minime
1223 2168 1345 2232 requisito
1357 2184 1363 2227 ;
1375 2167 1472 2229 hocque

418 2235 535 2294 pretextu
552 2246 579 2280 ss
595 2230 689 2280 dictam
706 2232 841 2280 Ecclesiam
858 2233 983 2295 possidere
1005 2237 1032 2281 et
1053 2233 1121 2282 licite
1136 2235 1243 2283 retinere
1259 2249 1330 2296 posse
1347 2233 1469 2281 dicebant.

418 2295 470 2356 Set,
493 2295 552 2359 quia
573 2296 605 2345 de
627 2297 735 2346 cessione
756 2297 797 2346 vel
819 2298 891 2346 obitu
913 2297 975 2346 dicti
998 2298 1110 2347 Rectoris
1131 2298 1203 2346 nobis
1225 2313 1275 2346 non
1297 2301 1403 2358 constat,
1425 2311 1472 2345 neo

418 2360 588 2410 Predecesscri
610 2367 695 2410 nostro
715 2363 835 2423 constitit,
853 2378 899 2411 nec
921 2362 983 2412 dicti
1002 2363 1127 2426 Privileffli
1147 2363 1234 2422 forms,
1253 2362 1275 2411 si
1297 2363 1333 2410 eis
1354 2363 1471 2424 prodesse

418 2426 516 2486 debeat,
532 2430 571 2476 est
590 2431 694 2486 servata,
714 2441 773 2475 cum
787 2427 830 2490 jus
846 2427 985 2491 Dyccesani
1004 2429 1101 2476 salvum
1121 2443 1171 2476 non
1188 2427 1309 2476 fueritin
1326 2427 1467 2490 tecperto,

417 2491 526 2540 maxime
545 2507 604 2540 cum
623 2491 655 2540 ad
674 2491 797 2540 Vicariam
816 2492 894 2555 ipsius
913 2493 1022 2542 Ecclesie
1041 2493 1120 2552 nobis,
1137 2497 1182 2541 aut
1197 2492 1365 2541 Predecessori
1385 2495 1471 2540 nostro

417 2555 504 2605 nullus
514 2556 596 2605 adhuc
612 2556 729 2605 canonice
743 2557 822 2605 fuerit
837 2561 996 2620 presentatus
1012 2557 1132 2618 vicarius,
1151 2557 1323 2606 instituendus
1335 2557 1362 2606 in
1378 2572 1408 2605 es
1425 2571 1470 2606 seu

417 2621 549 2682 admissus,
571 2636 624 2682 nos,
647 2621 780 2680 walterus,
798 2621 946 2670 Exoniensis
968 2621 1114 2686 Episcopus,
1136 2623 1162 2670 in
1183 2622 1292 2671 Nomine
1314 2621 1396 2671 Patris
1413 2627 1470 2682 etc,

417 2685 552 2734 Ecclesiam
569 2686 650 2748 ipsam
667 2702 725 2735 cum
740 2687 867 2735 fructibus
883 2687 1033 2748 sequestrari
1050 2691 1076 2735 et
1091 2687 1158 2736 salvo
1173 2687 1294 2738 custodiri
1313 2687 1471 2750 precipimus,

417 2765 549 2814 quousque
566 2751 598 2799 de
617 2767 653 2810 es,
673 2751 713 2800 vel
732 2751 816 2799 saltim
839 2751 895 2814 ejus
913 2751 1017 2811 Vicsris,
1035 2752 1108 2800 aliter
1129 2752 1275 2801 duxerimus
1294 2753 1470 2802 ordinandum.

417 2815 491 2875 item,
514 2831 589 2878 super
615 2816 725 2864 Ecclesia
748 2816 780 2864 de
808 2816 926 2865 Landeho
948 2815 1061 2866 exhibita
1082 2817 1133 2866 init
1160 2817 1245 2866 Litera
1265 2818 1331 2866 bone
1352 2817 1472 2866 memorie

417 2880 544 2941 willelmi,
557 2881 703 2930 Excniensis
715 2881 837 2944 Episcopi,
850 2897 899 2944 que
910 2882 1010 2930 videtur
1028 2882 1133 2931 innuere
1149 2884 1218 2944 quod
1234 2883 1303 2932 dicta
1317 2883 1426 2932 Ecclesia
1437 2883 1470 2931 de

417 2945 543 3006 Londebc,
565 2945 655 2994 amotis
678 2961 722 2994 ssu
749 2947 928 2995 decedentibus
953 2947 1054 2995 Clericis
1080 2963 1124 2996 seu
1153 2948 1283 2996 canonicis
1311 2947 1470 2997 Seeulsaibua

415 3009 508 3058 ibidem
518 3010 670 3069 constitutis,
683 3011 813 3060 Oancniois
825 3013 856 3059 de
864 3012 1013 3075 Plymptene
1025 3012 1155 3061 abeodem
1168 3013 1336 3076 Episcopc,de
1347 3028 1470 3062 ctinsensu

417 3075 528 3136 Capituli
550 3075 597 3134 sui,
617 3076 740 3136 cononice,
760 3081 790 3124 nt
813 3077 937 3136 dicebant,
958 3077 1047 3126 collata
1068 3077 1140 3138 init;
1164 3078 1352 3126 introducentes
1367 3077 1470 3138 iusuper

414 3141 499 3202 quoad
509 3139 556 3188 hoc
567 3139 741 3189 Instrumenta
751 3141 862 3204 plurium
880 3141 1059 3204 Episcoporum
1079 3157 1129 3204 que
1146 3141 1266 3191 videntur
1283 3143 1379 3190 iactum
1389 3141 1471 3204 ipsius

415 3205 567 3253 confirmare.
602 3205 673 3266 Quia,
694 3221 759 3266 vero,
779 3207 892 3268 prelatus
907 3207 953 3266 W,
975 3207 1119 3270 Episcopus,
1132 3207 1177 3270 qui
1194 3223 1278 3256 rerum
1296 3206 1403 3255 Ecclesie
1422 3222 1468 3255 sue

432 3273 559 3318 rocnrator
570 3275 630 3330 erat,
642 3286 692 3319 non
705 3271 828 3331 dominus,
844 3272 897 3320 sine
914 3271 1026 3333 legitimo
1046 3287 1167 3320 consensu
1185 3271 1296 3334 Capituli
1312 3271 1351 3320 sui
1368 3286 1406 3320 res
1422 3287 1468 3320 aue

465 3335 523 3383 lesia
534 3335 641 3384 elicuere
651 3351 701 3383 non
713 3335 804 3398 potuit,
814 3337 846 3384 ad
857 3335 1004 3412 bivjusmodi
1013 3337 1182 3385 Donscicnem
1193 3337 1318 3399 prooessit.
1343 3337 1466 3398 Preterca,

414 3405 602 3513 {telesti
621 3399 1467 3529 laesististitilllslliilliisiluistis

414 3529 518 3577 vacabat
530 3529 583 3592 ipsa
601 3529 717 3587 Ecclesia,
736 3534 775 3577 set
793 3535 864 3578 erent
879 3529 914 3578 ibi
930 3530 1048 3578 Canonici
1065 3531 1192 3580 seculares
1209 3537 1263 3579 tcto
1282 3536 1394 3593 tempore
1413 3530 1466 3579 vite

413 3593 499 3656 ipsius,
511 3599 587 3656 prout
597 3599 725 3642 testantur
736 3595 909 3643 Instrumenta
921 3595 1032 3657 plurium
1052 3597 1231 3659 Episcoporum
1248 3595 1465 3658 subsequendum,

413 3659 478 3707 —In
489 3659 598 3707 Nomine
609 3659 691 3708 Patris
702 3663 757 3718 etc,
775 3659 941 3708 Collecicnem
952 3661 1013 3708 dicti
1026 3661 1072 3720 W,
1086 3661 1208 3724 Episcopi,
1221 3659 1253 3709 ds
1270 3661 1337 3709 dicta
1356 3659 1466 3709 Ecclesia

412 3723 444 3772 de
461 3723 580 3772 Landeho
597 3739 647 3772 ncn
659 3725 748 3784 velere,
765 3729 792 3772 et
803 3724 844 3784 sic,
857 3741 901 3787 per
911 3740 1071 3787 consequens,
1088 3726 1247 3775 subsecutam
1264 3727 1362 3774 dudum
1379 3729 1466 3788 postca

413 3788 524 3851 Capituli
547 3788 693 3837 Exoniensis
716 3789 945 3856 Confirmscionem,
963 3791 1047 3838 minus
1069 3790 1214 3852 legitimam,
1231 3806 1281 3838 non
1302 3795 1386 3838 tenere
1408 3805 1463 3852 pro·

411 3853 567 3902 nunciamus.
610 3853 684 3914 Item,
696 3869 754 3902 cum
765 3858 848 3902 sutus
859 3855 901 3915 rei,
913 3855 961 3903 etsi
972 3855 1093 3904 tenuisset
1109 3856 1226 3915 Donscic,
1238 3855 1265 3904 in
1277 3854 1464 3916 omnipotentis

409 3918 456 3967 Dei
467 3918 587 3980 injuriam
603 3918 638 3966 eit
653 3917 804 3967 immutatus
821 3920 921 3981 penitus
932 3935 977 3982 per
988 3920 1099 3968 Priorem
1110 3925 1137 3969 et
1149 3921 1306 3970 conventum
1318 3920 1350 3968 de
1362 3919 1463 3982 Plymp·

409 3987 476 4044 tone,
496 3983 591 4046 absque
610 3998 731 4032 consensu
752 3988 778 4032 et
797 3985 946 4032 auctoritate
965 3985 1110 4048 Dyocessni,
1126 4001 1155 4034 eo
1175 3985 1243 4048 quod
1259 3985 1285 4033 in
1306 3983 1414 4033 Ecclesia
1431 3985 1463 4033 de

409 4047 528 4096 Lsndeho
539 4047 571 4096 ab
584 4047 659 4097 inicio
676 4049 772 4097 siverint
790 4049 907 4098 Canonici
925 4049 1059 4110 osculares,
1075 4050 1168 4112 quibus
1186 4055 1272 4114 posteo
1290 4054 1463 4098 succoeserunt

366 4117 371 4128 '
408 4113 550 4176 Regulcres,
562 4128 607 4162 nec
618 4114 693 4163 modo
704 4113 739 4162 sit
753 4113 788 4162 ibi
805 4113 895 4176 aliquis
910 4113 1041 4175 Secularis,
1058 4120 1103 4165 aut
1118 4115 1248 4178 segalaria
1260 4115 1405 4176 canonicus,
1417 4115 1463 4177 qui

743 4263 751 4296 ¹
772 4265 799 4332 iij
813 4267 899 4316 Nonas
911 4266 1031 4319 Octobris.
