3298 4984
643 454 807 506 unsaltan
825 454 955 509 INDEX.

202 609 320 676 Forde
336 609 683 694 Abbey-corrtinued.

311 729 471 792 interpellati,
488 729 625 778 terminum
643 729 717 778 nimis
734 729 854 778 diffusum
872 729 990 778 Partibus
1010 729 1173 791 assigrnmtes,
1200 728 1257 776 licct
1278 727 1309 775 ad
1334 728 1379 776 boe

312 801 462 858 potestatem
486 810 537 843 non
553 795 672 843 ridentur
689 793 785 843 habere
822 795 895 854 Quod
910 795 969 842 Pam
990 794 1103 857 Episcopi
1125 809 1175 841 non
1195 793 1380 855 acceptavit,eo

314 861 382 922 quod
402 860 491 908 multis
510 859 641 908 animabus
659 875 702 922 per
719 859 866 921 hajusmodi
888 875 981 907 moram
1000 859 1140 921 perieulum
1160 858 1379 906 imminebat-ln

313 925 387 988 cujus
399 924 434 972 rei
445 925 618 973 testimenium
630 925 784 972 Venerabilis
802 925 876 972 Pater
894 924 1041 983 Willelmus,
1061 924 1107 971 Dei
1119 923 1200 986 gracia
1213 921 1380 970 laisidavemsis

314 989 461 1052 Episcopus,
485 989 511 1037 M
547 989 606 1037 'ter
629 989 752 1038 Henricus
775 989 806 1037 de
829 989 964 1050 llillienny,
987 989 1126 1036 Carionicus
1155 987 1331 1050 Op'oostrensis,
1355 993 1381 1035 et

316 1054 436 1117 Magister
458 1055 530 1104 Radu
543 1055 608 1117 plius
630 1055 661 1102 de
685 1049 805 1110 Baudec,¹
825 1055 965 1102 Cauonicus
986 1053 1173 1110 londoniensis,
1193 1053 1237 1114 qui
1256 1053 1382 1114 premissis

317 1119 398 1182 rogati
420 1124 548 1182 presentes
570 1120 682 1178 luerunt,
703 1135 754 1167 una
776 1134 834 1167 cum
858 1119 947 1167 multis
967 1118 1028 1178 aliis,
1053 1117 1214 1167 Presentibus
1235 1117 1315 1182 sigilla
1337 1133 1383 1166 sua

316 1189 494 1248 apposuerunt.
530 1185 626 1233 Datum
638 1187 760 1232 stactam
772 1199 838 1232 auno
851 1189 877 1232 et
889 1184 930 1232 (lie
941 1183 1092 1247 supradictis
1105 1200 1111 1244 ;
1130 1183 1167 1233 lb.

307 1291 596 1356 Procuratoriuas
611 1289 658 1355 od
675 1289 821 1356 Uariam
837 1288 1098 1366 Romoaora‚²-

213 1395 289 1462 Tire
313 1395 437 1480 Bislrep
457 1415 477 1458 a
500 1395 610 1479 points
633 1393 756 1458 Master
779 1391 868 1457 John
892 1393 931 1457 cle
954 1392 1206 1468 pontisarae.
1230 1391 1265 1456 of
1287 1391 1380 1456 Taw-

470 1417 499 1544 cl
509 1481 631 1546 Mastcr
646 1480 791 1545 Richard
807 1480 848 1544 dc
865 1480 1054 1556 Karswclle,
1069 1479 1119 1543 his
1138 1479 1339 1554 Proclama,—

307 1481 410 1558 stock,
425 1502 468 1545 an

287 1612 302 1638 ‘⁸
314 1611 340 1659 iu
364 1626 438 1659 causa
453 1609 493 1658 rel
512 1609 592 1658 causis
612 1625 687 1673 qaam
706 1609 744 1658 rel
756 1625 818 1672 quas
831 1609 918 1657 Frater
933 1607 1081 1661 willelmus.
1102 1607 1186 1656 Abbas
1202 1607 1234 1655 dc
1252 1609 1339 1668 Funis,
1356 1611 1382 1655 et

319 1677 466 1725 Conventus
492 1691 561 1724 suus.
598 1711 604 1723 ,
638 1713 643 1723 .
679 1712 684 1723 .
719 1691 764 1722 seu
792 1673 869 1722 eciam
899 1675 1016 1736 Magister
1039 1673 1179 1722 Willelmas
1206 1674 1238 1721 ‹le
1267 1673 1379 1730 Dittone,

318 1745 422 1789 merent
441 1744 528 1789 contra
549 1753 602 1799 uos,
625 1757 668 1788 seu
698 1755 797 1788 merere
819 1739 964 1788 intendunt.
999 1775 1004 1788 .
1039 1775 1044 1787 .
1080 1775 1085 1786 .
1120 1737 1282 1786 Ratilicamas
1303 1737 1381 1786 eciam

319 1805 439 1868 quioquid
460 1805 580 1854 hactenus
598 1821 643 1868 pro
661 1805 741 1865 nobis,
764 1819 807 1852 seu
825 1808 912 1852 eontra
931 1819 984 1864 nos,
1009 1808 1095 1852 actum
1114 1809 1153 1852 est
1172 1819 1216 1865 per
1232 1803 1381 1865 Magistrum

321 1870 445 1918 Mathiam
471 1870 635 1932 Thilapsum,
658 1870 814 1918 defensorem
839 1875 954 1916 nostrum
987 1869 1014 1916 in
1048 1868 1123 1917 Caria
1152 1869 1271 1925 Romana,
1300 1883 1382 1916 eoram

320 1935 460 1983 Venerabili
481 1935 540 1983 Viro
558 1935 676 1996 Magistro
695 1935 810 1983 Jolranne
828 1934 859 1980 de
879 1934 966 1993 liseur,
985 1933 1117 1996 Capeliano
1138 1933 1239 1981 Domini
1263 1934 1335 1996 Pape,
1356 1937 1382 1979 ct

320 2001 398 2062 ipsius
416 2000 506 2048 Palscii
523 2000 638 2048 auditore
655 2015 793 2058 missarum,
814 1999 839 2046 in
857 2015 930 2046 caiisa
950 2015 1026 2060 quam
1048 1998 1165 2061 Magister
1184 1996 1328 2046 willelmus
1350 1997 1382 2044 de

321 2065 427 2112 Ilittone
447 2065 534 2124 morit,
552 2081 596 2112 seu
614 2069 704 2123 movet,
715 2069 801 2111 contra
820 2079 864 2111 nos
884 2064 909 2111 iu
930 2063 1298 2112 Cariamemorata-Datum
1315 2063 1382 2125 apud

321 2128 471 2194 'I‘eyutone⁸
488 2129 514 2191 iij
541 2130 600 2177 laius
616 2129 737 2188 Januarii,
757 2129 831 2177 Anno
851 2127 938 2176 Gracia
959 2127 1003 2177 ΜΟ,
1024 2129 1084 2177 000.
1109 2128 1292 2192 septuagesimo
1310 2133 1382 2176 sexto

323 2195 363 2255 [ll
378 2195 443 2254 Jam,
457 2193 576 2254 1276·7];
594 2191 646 2245 76¹³.

218 2291 412 2362 Sabmiaeio
428 2291 568 2358 Athesis
584 2293 622 2358 ale
638 2292 744 2358 Ferale
755 2319 806 2357 :—

290 2397 482 2446 Memorandam
503 2398 578 2459 qirod,
599 2413 657 2446 cam
680 2399 746 2446 inter
763 2397 935 2446 Venerabilem
953 2397 1061 2457 Patrem,
1082 2397 1219 2446 Dominum
1238 2397 1383 2458 walterum,

325 2463 371 2510 Dei
400 2463 480 2524 gracia
507 2462 672 2510 Eseuiensem
696 2463 853 2525 Episcopum,
879 2479 909 2510 ex
933 2467 1003 2524 parte
1026 2479 1084 2519 una,
1106 2468 1131 2510 ei
1156 2462 1289 2524 lteligiosos
1309 2462 1382 2520 viros,

325 2528 437 2576 Fratrem
467 2527 629 2587 Willelrnnm,
653 2527 778 2576 abbatem
801 2529 833 2576 de
856 2528 943 2586 Fonle,
965 2533 992 2576 et
1014 2527 1196 2590 ejusderriboci
1217 2529 1384 2588 (laurentum,

325 2592 503 2653 cysterciensis
521 2593 630 2652 Onlinis,
644 2593 789 2641 Exonieusis
802 2592 918 2652 Diocesis,
935 2609 965 2640 ex
977 2593 1061 2652 altera,
1073 2609 1148 2654 super
1160 2593 1233 2640 variis
1244 2597 1271 2640 et
1281 2592 1386 2640 dirersis

324 2657 448 2718 dampnis,
470 2656 576 2719 injuriis,
597 2663 624 2705 et
643 2657 837 2720 gravaminibus,
855 2658 1024 2716 contumacus,
1045 2663 1072 2705 et
1091 2657 1189 2705 eliensis
1208 2657 1385 2720 personalibus,

324 2722 382 2769 irinc
394 2722 452 2769 inde
463 2721 546 2776 illatis,
558 2722 661 2770 suborta
678 2723 767 2770 luisset
787 2723 890 2770 materia
907 2723 1053 2784 questionis,
1065 2739 1093 2770 ac
1105 2723 1227 2770 Dominus
1240 2723 1385 2780 Edwardua,

325 2786 429 2835 illustris
442 2787 495 2835 Rex
508 2787 605 2850 Aegiis,
617 2787 735 2835 discretos
752 2787 817 2835 viros
834 2787 966 2849 Magistros
984 2787 1122 2835 Walterum
1140 2787 1244 2847 Smmel,
1256 2787 1385 2836 Deesnum

323 2853 421 2910 Sarsina
442 2856 468 2900 et
487 2851 608 2900 Thalnam
628 2852 701 2912 Delie,
724 2852 933 2900 archidiaconum
953 2851 1092 2912 Dorshetie,
1111 2852 1204 2900 eisdem
1222 2852 1338 2900 Partibus
1355 2853 1387 2900 ad

325 2916 473 2964 instanciam
496 2921 522 2963 ot
544 2917 744 2978 procuracionem
767 2917 892 2966 dictorum
916 2917 1102 2978 lteligiosorum,
1121 2918 1153 2965 ad
1173 2918 1333 2965 tractandum
1355 2917 1387 2964 (le

326 2997 392 3044 pace,
404 2981 576 3030 consenciente
587 2982 655 3029 dicto
674 2982 781 3030 Domino
794 2982 921 3044 Episcopo,
939 2982 1088 3030 mediatores
1100 2982 1253 3037 nonamnet;
1272 2983 1386 3030 demam·

327 3062 383 3108 (pue,
415 3045 489 3108 xsij0.
513 3047 554 3095 oie
586 3047 707 3106 Octobris,
737 3047 811 3095 Anno
842 3047 928 3095 Gracia
956 3047 1002 3094 M¹'.
1030 3048 1089 3094 ccc.
1118 3047 1181 3094 lxxa.
1208 3053 1286 3107 sexte),
1320 3047 1388 3110 aliud

329 3109 590 3170 westmonasterium,
608 3127 690 3160 coram
713 3112 831 3174 predictis
848 3111 1026 3159 mediatoribus
1046 3111 1178 3173 propositis
1200 3112 1339 3160 nacionibus
1362 3119 1389 3160 et

325 3175 515 3238 allegacionibus
527 3176 641 3224 Partium
652 3177 710 3225 hinc
731 3177 789 3224 iude
809 3181 835 3224 et
857 3177 955 3238 plerrius
972 3176 1112 3236 intellectis,
1125 3175 1270 3238 meritisque
1280 3177 1387 3238 proposi·

326 3247 410 3288 torum
434 3241 584 3304 ponderatis,
606 3241 673 3289 idem
700 3241 792 3301 Abbas,
815 3257 859 3304 pre
882 3257 907 3288 sc
932 3245 958 3288 et
984 3242 1116 3289 Conventa
1139 3257 1195 3300 suo,
1216 3257 1259 3304 pro
1281 3241 1388 3304 injuriis,

326 3305 449 3368 daurpnis,
460 3305 655 3368 gravaminibus,
667 3307 830 3354 conturnaciis
843 3307 935 3368 [ariter
946 3311 972 3354 ct
984 3306 1081 3354 ailensis
1092 3306 1269 3368 personalibus,
1277 3305 1389 3355 utiliter

327 3387 355 3418 ae
366 3369 511 3433 simpliciter
522 3367 645 3430 sedandis,
665 3371 814 3434 quingentas
832 3371 907 3418 libras
926 3371 1109 3432 sterlingorum,
1128 3371 1154 3418 in
1172 3373 1296 3433 presencia
1311 3371 1389 3420 dicto-

328 3451 386 3484 rum
403 3435 570 3484 mediaterum
582 3441 609 3484 et
625 3435 731 3484 aliorum
751 3436 932 3498 iidedignorum
950 3435 1146 3498 quamplurium,
1165 3437 1261 3494 prelato
1281 3436 1389 3484 Domino

330 3500 458 3562 Episcopo,
470 3505 559 3562 sponte
571 3507 598 3549 et
609 3501 678 3548 nullo
690 3505 793 3563 cogente
804 3501 915 3563 imperio,
928 3516 972 3562 pro
990 3501 1055 3548 bono
1064 3501 1136 3562 pacis,
1149 3501 1180 3548 ail
1193 3501 1389 3550 moderaciouem

329 3565 455 3614 dictorum
474 3565 642 3614 mediatenus
664 3567 776 3614 railiauet
797 3581 841 3614 seu
864 3566 1023 3628 promitteret
1050 3566 1233 3625 exsolvendas3
1258 3583 1287 3614 ae
1313 3565 1390 3614 iidem

330 3630 498 3679 moderatores
509 3631 647 3678 terminum
658 3631 684 3678 in
703 3631 816 3694 proximo
833 3629 1000 3678 Pariismente
1018 3631 1120 3679 Domini
1139 3631 1213 3694 Regis
1225 3630 1321 3693 Anglie,
1334 3636 1391 3692 pest

332 3695 434 3756 Pascha,
446 3695 513 3758 apud
527 3696 775 3744 westmonasterium
788 3695 941 3756 celebrande,
954 3695 986 3744 ad
998 3695 1194 3744 moderaciouem
1212 3711 1284 3744 suam
1301 3695 1391 3744 iacien-

332 3761 391 3809 dam
404 3759 523 3809 Partibus
535 3760 707 3822 assignarent;
724 3762 810 3809 celem
829 3761 916 3808 Partes
934 3760 1029 3822 inipso
1047 3761 1220 3822 l‘arliamente,
1239 3759 1339 3820 scilicet,
1352 3761 1393 3808 die

332 3823 437 3874 Sabbati
460 3826 574 3888 prosimu
592 3831 651 3874 ante
673 3825 776 3874 Festum
794 3825 949 3874 Invcuciouis
972 3825 1063 3874 Sancte
1085 3824 1190 3886 Crucis,⁴
1208 3841 1274 3874 anuo
1291 3825 1393 3873 Domini

332 3890 378 3939 ΜΟ.
411 3888 472 3940 00⁰.
502 3891 559 3939 lxn⁰
586 3891 700 3954 septimo,
733 3891 801 3954 apud
827 3889 1088 3951 westmonasterium,
1123 3890 1283 3952 personaliter
1309 3904 1393 3938 eoram

559 4005 863 4012 ---.——.——-—--.—-—-
880 4005 971 4013 --u--v
1147 4005 1199 4012 -—

231 4051 239 4086 ¹
259 4051 298 4100 ie
313 4049 465 4100 olBaldoela
874 4052 923 4115 day
945 4051 1057 4112 another,
1080 4051 1107 4100 in
1129 4051 1218 4100 favour
1239 4051 1266 4099 oi
1288 4051 1394 4100 blusters

230 4115 287 4164 2Α
330 4115 424 4164 similar
465 4117 479 4140 ‘⁴
498 4114 724 4178 Procuratorium,''
765 4117 791 4166 in
875 4117 1038 4164 Edmunzlde
1052 4116 1191 4164 wareielde
1208 4115 1258 4164 and
1275 4115 1395 4165 Nicholas

272 4181 360 4230 larour
379 4182 405 4231 oi
427 4182 496 4232 John
520 4183 718 4242 ‹lePcntisse1u,
741 4199 792 4231 wass
873 4182 905 4230 de
919 4183 1057 4240 lleuetoae,
1070 4181 1163 4238 olerlcs3
1183 4177 1235 4231 83¹³.

270 4247 353 4296 issued
368 4263 401 4296 en
424 4248 470 4297 the
493 4247 569 4296 Fcast
591 4247 618 4294 oi
642 4248 678 4295 St
703 4247 792 4311 Hilary
841 4245 981 4310 ³Bisliop's
999 4247 1128 4308 Toigatou.

273 4311 338 4374 (ian.
353 4313 400 4376 13),
422 4313 523 4375 lari-8,
540 4313 598 4374 and,
617 4327 649 4361 on
667 4311 795 4362 thesemo
844 4310 854 4342 ⁴
873 4315 884 4359 1
899 4313 965 4376 May.
