3252 4984
530 497 713 554 enunnsn
737 499 874 553 1unnx.
1215 481 1287 555 405

227 666 323 712 verum,
345 649 413 715 quie,
435 651 627 715 suggerentibus
651 650 723 701 nobis
745 651 908 715 ponmodum
934 650 1038 714 pretatis
1060 651 1199 714 Religionis,
1223 652 1281 702 sub-

225 717 313 766 tractis
330 716 377 766 sibi
400 716 484 766 minus
505 717 581 780 juste,
601 731 698 766 necnon
717 717 840 766 violenter
861 716 973 780 direptis,
991 733 1035 779 per
1050 717 1185 766 nonnullos
1201 717 1282 780 Regni

226 783 316 845 Anglie
332 782 462 844 Magnetes
479 787 505 830 et
523 783 642 831 Potentes
664 781 860 845 possessionibus
876 785 904 830 st
919 781 1068 841 redditibus,
1084 797 1113 830 ac
1129 783 1207 831 eciam
1224 783 1280 831 aliis

225 847 305 907 bonis,
317 846 483 896 estimacionis
500 846 569 895 mille
583 861 723 896 marcarum
738 847 877 908 annuatim,
889 861 939 910 que
953 846 1020 907 olim,
1032 851 1092 895 ante
1107 847 1281 910 conquestum

227 910 329 960 Domini
341 911 460 960 willelmi
471 912 584 972 Bastnrd,
595 912 724 975 quondam
738 912 811 976 Regis
826 911 923 975 singlis,
935 911 961 960 in
978 912 1066 960 eodem
1078 913 1164 974 Regno
1176 912 1279 973 iactum,

225 977 282 1040 jure
298 992 344 1026 suo
364 982 389 1024 et
407 977 551 1026 Menestorii
567 977 705 1040 supradicti
721 977 865 1026 habuerunt
889 981 916 1025 et
941 976 1042 1039 pacifice
1067 977 1233 1040 possiderunt,
1250 994 1279 1026 ac

227 1042 304 1090 eciam
321 1057 398 1104 quam
415 1041 530 1104 plurimis
546 1041 623 1090 seculi
640 1041 760 1091 molestiis
776 1047 803 1090 et
818 1041 1012 1091 adversitatibus
1028 1041 1108 1090 indies
1124 1057 1278 1091 succrescen-

225 1106 303 1168 tibus,
315 1107 442 1170 prefatum
454 1107 634 1156 Monasterium
646 1122 721 1156 suum
737 1107 799 1156 adeo
815 1107 840 1154 in
858 1107 911 1155 suis
921 1106 1085 1155 facultatibus
1096 1107 1131 1155 sit
1141 1107 1278 1169 mllapsum

228 1177 258 1220 ut
269 1173 301 1220 ad
312 1187 400 1220 eorum
410 1172 630 1232 summissionem,
638 1187 666 1220 ac
677 1173 755 1220 eciam
764 1187 902 1235 pauperum
914 1171 1107 1235 peregrinorum,
1117 1176 1143 1220 et
1151 1171 1281 1234 hospitum

226 1237 259 1285 ad
275 1251 317 1285 eos
333 1237 413 1285 indies
429 1236 487 1298 plus
510 1237 584 1285 solito
609 1236 791 1286 confluencium
810 1236 985 1300 reccpcionem,
1011 1251 1061 1299 que
1082 1236 1131 1284 sibi
1153 1252 1281 1300 superesse

227 1302 346 1350 videntur
362 1301 460 1365 proprie
476 1317 526 1350 non
543 1305 684 1364 suppetunt
706 1302 846 1360 facultates,
867 1302 944 1350 eciam
961 1317 1020 1349 cum
1039 1301 1150 1350 subsidio
1173 1301 1281 1350 Ecclesie

226 1368 258 1415 de
270 1367 300 1414 W
319 1365 453 1415 teclaurche
464 1371 601 1415 memorate
611 1382 617 1424 ;
629 1371 656 1415 et
662 1371 764 1429 propior
774 1367 821 1415 hoc
831 1366 892 1429 ipsis
905 1365 1033 1426 Religionis
1043 1381 1058 1414 a
1069 1367 1141 1418 nobie
1152 1365 1283 1416 humiliter

227 1436 301 1494 postu
327 1431 413 1484 ntibue
425 1432 500 1493 quod,
509 1447 567 1480 cum
581 1432 613 1479 ad
629 1431 741 1494 ipsorum
755 1431 921 1494 indigenciam
938 1431 964 1479 in
981 1431 1027 1479 hac
1042 1435 1113 1494 parte
1124 1431 1282 1480 relevandam

227 1497 326 1545 fructus
345 1501 372 1545 et
387 1501 525 1559 proventus
541 1497 662 1558 prolibate
679 1496 787 1545 Ecclesia
804 1497 835 1544 de
852 1496 1036 1558 Wytechurche
1058 1495 1208 1545 sufficientes
1230 1512 1281 1545 non

229 1562 347 1621 crisim,
371 1561 505 1609 Ecclesiam
528 1562 560 1610 de
582 1563 765 1626 Burryngtone,
787 1565 873 1610 nostre
895 1561 1020 1624 Dyocesis,
1043 1576 1093 1624 que
1115 1561 1147 1609 de
1168 1561 1281 1624 ipsorum

230 1630 364 1689 patronatu
383 1626 476 1685 existit,
492 1625 537 1674 ubi
556 1627 617 1674 dicti
637 1626 755 1688 Religiosi
772 1626 874 1674 Domini
894 1625 971 1688 ipsius
991 1625 1096 1674 Manerii
1113 1641 1173 1685 esse,
1185 1642 1281 1676 necnon

229 1691 377 1754 temporalis
387 1691 466 1767 ipsius
478 1691 595 1739 Parochie
606 1691 633 1739 in
644 1691 747 1740 feodum
758 1691 849 1739 habere
860 1696 1005 1748 noscuntur,
1021 1705 1070 1752 que
1081 1691 1107 1738 in
1119 1691 1282 1740 facultatibus

230 1755 343 1816 fertilior,
356 1761 384 1804 et
399 1756 466 1818 ipsis,
486 1771 517 1804 ex
534 1756 614 1804 carreis
628 1756 680 1818 jam
697 1755 779 1815 dictis,
789 1755 874 1804 utilior
890 1771 943 1804 esse
960 1771 1008 1803 non
1027 1755 1170 1818 ambigitur,
1187 1758 1282 1818 Appro·

229 1821 352 1884 priucione
365 1820 472 1869 Ecclesie
482 1821 515 1869 de
523 1821 707 1884 Wytechurohe
724 1820 867 1882 supradicta
877 1821 978 1883 penitus
989 1819 1112 1869 dissoluta
1121 1825 1148 1869 et
1159 1825 1285 1882 evacuate,

230 1892 257 1935 et
275 1885 329 1949 ipsa
347 1886 454 1934 Ecclesia
473 1887 505 1934 de
521 1885 712 1948 Wytechurche,
729 1885 798 1934 diota
817 1885 1025 1948 Appropriacione
1043 1901 1087 1948 pro
1106 1885 1175 1934 nulla
1192 1886 1284 1948 habito,

233 1951 265 2000 ad
276 1966 335 1999 eum
346 1955 443 1999 statum
454 1951 480 1999 in
498 1967 549 2014 quo
568 1950 620 1999 iuit
635 1956 695 1999 ante
711 1955 813 2014 tempus
829 1949 1047 2026 Appropriacionia
1062 1950 1172 2013 predicte
1183 1967 1284 2014 prorsus

233 2015 341 2092 redacta,
357 2015 448 2064 sibiet
464 2015 615 2092 Monasterio
636 2031 682 2064 suo
704 2015 817 2092 predicto
838 2030 954 2064 cunomce
971 2015 1135 2091 appropriare,
1152 2032 1196 2091 pro
1218 2032 1283 2065 com-

233 2079 1136 2208 limienffltttttstltultttltl⁰utistut,
1147 2081 1286 2195 {ltine

235 2209 353 2274 capitulo
374 2215 460 2258 nostro
482 2211 624 2272 Exonienai,
647 2215 674 2258 et
701 2209 821 2273 Magistro
845 2209 968 2258 Willelmo
990 2210 1021 2258 de
1049 2210 1196 2272 Tarystolre,
1219 2211 1286 2260 dicte

236 2275 344 2324 Ecclesie
374 2275 406 2323 de
426 2275 601 2338 Burryngtone
629 2275 740 2336 Rectore,
760 2276 792 2322 ad
820 2274 867 2323 hoc
891 2274 1029 2338 specialiter
1053 2281 1146 2335 vocato,
1172 2276 1287 2339 diligenti

234 2345 344 2389 tractatu
371 2341 465 2402 pariter
491 2345 518 2388 et
550 2340 679 2403 solempni,
707 2340 819 2403 ipsorum
847 2339 1027 2402 Religiosorum
1060 2346 1233 2402 paupertatem
1261 2347 1288 2390 et

234 2404 400 2468 indigenciam
416 2405 524 2454 relevare
541 2406 659 2464 volentes,
676 2404 771 2468 pietate
787 2405 813 2453 id
835 2404 888 2452 fieri
907 2403 1030 2454 instanter
1047 2405 1175 2465 studente,
1192 2409 1287 2469 Appro·

235 2470 358 2534 priacione
379 2470 475 2533 pretate
499 2470 607 2518 Ecclesia
629 2470 661 2518 de
684 2469 867 2531 Wytechurche
888 2469 956 2518 dioto
976 2469 1134 2530 Monasterio,
1154 2470 1220 2518 iacta
1245 2487 1289 2534 per

236 2551 288 2596 nos,
298 2541 412 2584 muscata
422 2535 449 2583 in
460 2534 561 2584 irritum
570 2539 597 2583 ct
607 2534 709 2583 omniuo
725 2534 854 2595 dissoluta,
866 2549 943 2597 quam
960 2534 1082 2597 presentie
1097 2535 1190 2598 scripti
1201 2541 1288 2585 tenore

235 2601 267 2648 de
289 2615 410 2649 consensu
432 2604 485 2648 mm
507 2599 618 2662 ipsorum
636 2599 816 2662 Religiosorum
839 2615 915 2662 quam
938 2599 1031 2648 Dseani
1053 2604 1080 2648 et
1102 2599 1212 2662 Capituli
1234 2617 1288 2664 pre·

236 2665 370 2723 dictorum,
388 2669 415 2713 et
431 2665 537 2713 aliorum
551 2679 663 2742 'quorum
681 2664 793 2724 interest,
807 2665 908 2727 penitus
923 2664 1083 2740 dissolrimus
1099 2670 1126 2713 et
1144 2665 1171 2713 in
1187 2666 1288 2742 irritum

234 2729 1291 2857 ‘ttffllantttnt‘attaltfttttstiltasstitit

236 2859 327 2922 prefati
340 2859 453 2922 Magistri
467 2859 594 2919 Willelmi,
606 2875 634 2908 ac
647 2859 753 2908 aliorum
770 2873 878 2922 quorum
894 2875 1029 2908 consensus
1045 2860 1181 2923 requiritur
1197 2861 1224 2909 in
1243 2861 1289 2910 hac

236 2929 315 2987 parte,
337 2925 440 2987 provida
467 2923 646 2973 deliberacione
672 2923 810 3000 prehabitn,
839 2924 963 2988 legittimo
990 2939 1111 2973 consensu
1138 2927 1288 2986 accedente3

237 2991 361 3052 prefatam
389 2989 524 3038 Ecclesium
551 2989 583 3037 de
605 2989 779 3052 Burrmgtone,
803 3005 860 3038 cum
888 2989 941 3037 suis
961 2989 1060 3051 juribus
1083 2995 1109 3038 et
1130 2991 1290 3052 pertinenciis

236 3054 365 3114 universis,
392 3054 521 3117 Religionis
540 3059 567 3102 et
587 3054 737 3102 Menanterio
754 3055 911 3116 supradictis,
929 3053 1091 3117 ipsorumque
1109 3055 1289 3118 Religiosorum

237 3119 425 3180 suecessoribus,
448 3119 637 3182 appropriamus
659 3123 685 3168 et
712 3119 739 3167 in
762 3135 823 3168 usus
845 3119 957 3182 proprios
981 3120 1140 3168 concedimus
1162 3122 1289 3184 perpetuis

238 3184 393 3246 temporibus
407 3185 577 3246 optinendam.
612 3184 652 3232 Ita
668 3184 744 3248 quod,
756 3184 860 3232 cedente
876 3184 916 3232 vel
931 3185 1066 3232 decedente
1082 3185 1150 3234 dicto
1167 3185 1290 3235 Willelmo

237 3249 350 3308 Rectore,
362 3249 435 3298 liceat
451 3249 554 3312 prefatis
573 3249 701 3312 Religionis
718 3249 841 3311 prefatam
860 3249 995 3297 Ecclesiam
1012 3249 1044 3297 de
1069 3250 1243 3312 Bnrryngtone
1262 3256 1288 3300 et

238 3313 294 3376 ejus
315 3314 494 3376 posaesuonem
518 3329 562 3376 pro
582 3331 627 3362 suo
646 3313 802 3376 beneplacito
823 3314 927 3376 ingredi,
943 3319 969 3362 et
988 3329 1050 3374 eam,
1068 3330 1127 3363 cum
1145 3315 1245 3377 juribus
1263 3321 1290 3365 et

237 3379 397 3442 pertinenciis
409 3379 461 3428 ruis
471 3379 628 3442 supradictis,
640 3379 666 3427 in
679 3379 790 3442 proprios
799 3395 859 3427 usus
868 3379 959 3428 habere
970 3384 997 3427 et
1005 3383 1090 3428 tenere
1101 3380 1286 3443 inperpetuum,

237 3443 312 3506 juxta
332 3443 437 3492 iormam
460 3443 677 3507 Appropriacionis
699 3443 814 3506 superius
841 3448 968 3505 annotate,
991 3459 1112 3493 consensu
1140 3451 1226 3494 nostro
1248 3447 1288 3494 vel

237 3512 412 3558 Successorum
428 3513 572 3558 nostrorum
588 3508 692 3558 minime
710 3509 839 3571 requisito,
850 3509 907 3572 jure
923 3515 951 3557 et
966 3513 1091 3571 potestate
1108 3509 1181 3573 Legis
1196 3511 1290 3573 Dyooe·

236 3573 416 3687 ffinttii
438 3573 1288 3702 ileliidiiifflinii‘etpiffiilbutiiili‘nliiin

237 3703 365 3752 conalibus
384 3707 409 3752 et
432 3703 518 3752 debite
538 3655 703 3767 sribdeo’cione,
725 3707 779 3752 tam
800 3703 826 3752 in
848 3703 916 3752 dicta
932 3655 1042 3753 Eecleiili
1063 3705 1095 3754 de
1113 3706 1290 3770 Burryngtous

238 3783 315 3830 quam
330 3767 433 3831 pretatis
450 3769 579 3832 Religionis
592 3769 690 3817 racione
705 3767 820 3831 ejusdem
838 3771 977 3832 peremnia
992 3769 1071 3818 salvia
1107 3769 1167 3830 Nos,
1179 3771 1288 3834 insuper,

237 3837 421 3896 competentem
437 3833 561 3882 Vicariam
582 3833 615 3882 de
631 3835 807 3896 Burryngtone
833 3834 952 3896 predicta,
968 3833 1096 3898 ipsiusque
1121 3835 1246 3885 succinus
1265 3842 1292 3886 et

239 3897 409 3960 proventibus,
432 3898 563 3948 ordinandi
590 3903 617 3948 et
638 3897 742 3947 nundi
770 3903 922 3960 potestatem
948 3899 1020 3948 nobis
1047 3904 1074 3948 et
1101 3899 1291 3950 successoribus

239 3963 332 4040 nostis
342 3963 569 4040 reservamus-flu
580 3977 690 4040 quornm
700 3963 814 4040 fldemuet
824 3963 998 4013 testimonium
1009 3965 1054 4013 hns
1066 3964 1162 4014 literas
1173 3966 1292 4016 Patentes

207 4027 799 4158 etfflffinntmttzltntfftst
820 4093 962 4144 wasme
983 4095 1081 4154 nee,
1100 4095 1228 4156 incarn
1245 4096 1291 4161 qn

240 4157 307 4207 dicto
334 4158 455 4208 tractatui
487 4157 657 4218 interiuimffl,
688 4157 762 4208 dictis
788 4159 870 4207 musis
899 4159 1004 4222 provida
1027 4159 1206 4210 deliberacione
1230 4177 1289 4224 pen·

240 4223 309 4284 satis,
325 4227 352 4274 et
369 4223 522 4287 ceterisque
543 4223 646 4287 dejure
662 4223 827 4286 requiruntur
843 4225 942 4286 plenius
959 4224 1103 4286 observatis,
1119 4227 1291 4276 consensimus

239 4293 266 4337 et
287 4288 457 4338 consentimus
476 4287 593 4338 omnibus
615 4293 643 4337 et
663 4287 769 4352 singulis
790 4289 904 4352 superius
925 4289 1059 4339 annotatis
1104 4291 1140 4340 Et
1166 4291 1290 4352 volumus,

237 4358 362 4418 quantum
372 4353 400 4404 in
411 4353 483 4404 nobis
493 4358 540 4417 est,
552 4353 621 4419 quod
637 4353 721 4404 omnia
737 4358 764 4404 et
779 4353 878 4418 ninnibe
892 4354 1013 4419 premissa
1028 4360 1150 4421 perpetue
1164 4357 1291 4422 gaudeant
