3304 4978
600 387 785 444 cernens
807 387 944 442 moen.
1288 367 1359 442 239

300 546 427 597 Fidelibus
443 551 586 611 presentem
603 545 705 597 Gutum
715 545 873 610 inspeotmis‚
885 545 925 596 vel
935 545 1061 596 audituris
1072 546 1205 608 walterus,
1218 546 1266 596 Dei
1275 547 1358 610 gracia

300 612 448 662 Eronieneis
464 612 611 676 Episcopus,
623 611 880 662 salntem-Noverit
891 611 1047 662 Univereites
1058 615 1142 660 vestra
1153 627 1198 661 nos
1210 611 1357 661 concessisse

300 681 326 726 et
341 677 388 726 hac
400 677 510 741 presenti
522 677 597 728 (terta
608 677 776 726 comfirmease
789 675 913 725 Wsslelmo
924 677 956 726 de
967 676 991 726 la
1002 677 1082 739 Rupe,
1094 692 1139 740 pro
1150 677 1253 726 servicio
1263 693 1317 737 suo,
1329 680 1356 726 et

300 742 393 804 Agneti
416 743 487 791 uxori
505 757 557 802 aue,
577 746 605 792 et
623 741 758 791 heredibus
774 741 836 790 dicti
855 741 971 790 Willelmi
988 741 1020 790 de
1036 756 1109 790 cerne
1125 757 1170 790 sue
1191 741 1357 805 procreandis,

301 821 377 856 unam
393 807 549 870 mesuagium
566 811 593 856 et
607 821 685 856 unam
702 806 797 869 virgam
820 810 887 855 terro
909 821 959 870 que
976 810 1080 855 vocetur
1099 806 1358 866 Stsnelrelaneslonde,

302 887 360 920 cum
370 871 488 921 omnibus
499 872 658 935 pertinenciis
669 871 728 931 suis,
741 886 817 934 quam
835 871 947 931 Mutilda,
959 887 1028 919 soror
1038 875 1065 919 et
1075 871 1147 920 heres
1158 872 1213 920 Ade
1223 871 1359 931 Aerriinbri,

303 936 376 1012 petiit
392 953 468 1000 super
484 953 537 998 nos,
549 937 576 986 in
589 937 664 986 (iuria
675 941 761 985 nostre
772 937 804 984 de
818 935 956 995 Ilerndone,
974 951 1018 998 per
1034 936 1113 984 Breve
1125 936 1228 985 Domini
1239 936 1320 999 Regis,
1333 939 1360 984 et

302 1015 356 1064 ipae
366 1006 453 1064 posteo
463 1005 549 1052 totum
564 1002 607 1064 jus
618 1005 645 1050 et
656 1001 775 1051 eleusium
787 1001 855 1064 quod
866 1001 892 1049 in
904 1001 1016 1064 predicta
1026 1005 1093 1050 terra
1109 1001 1205 1063 habuit,
1219 1002 1258 1050 vel
1269 1001 1360 1050 habere

302 1067 393 1128 potuit,
412 1082 457 1129 pro
471 1083 498 1116 aa
522 1072 549 1116 st
562 1067 695 1116 heredibus
711 1067 771 1124 suis,
794 1065 862 1114 dioto
884 1065 919 1114 W.
935 1069 963 1114 et
983 1065 1008 1114 Α.
1026 1065 1164 1124 uxorisne,
1184 1071 1210 1115 et
1226 1066 1361 1116 heredibus

304 1131 356 1180 suis
375 1147 420 1194 pro
437 1131 487 1180 line
502 1132 569 1181 inter
584 1131 652 1194 ipeca
668 1131 771 1180 ieotoin
791 1130 865 1192 plene
882 1129 958 1180 (turia
974 1133 1061 1179 nostre
1072 1130 1104 1179 de
1116 1131 1253 1193 Ecrndone,
1265 1132 1360 1194 absquo

304 1196 373 1245 omni
384 1201 564 1257 retenemento,
574 1213 618 1260 per
627 1197 728 1246 Cuiam
740 1211 811 1244 suam
823 1194 920 1244 dimisit
930 1210 937 1255 ;
954 1195 1095 1244 habendum
1106 1200 1133 1244 st
1143 1197 1278 1245 tenendam
1287 1196 1362 1245 dictis

304 1261 341 1309 W.
354 1265 381 1310 et
392 1261 421 1310 A.
435 1264 507 1310 uxori
523 1277 575 1322 sue,
595 1266 623 1310 et
642 1261 776 1310 heredibus
795 1260 857 1309 dicti
877 1261 914 1309 W.
936 1275 968 1309 ex
987 1275 1060 1308 carne
1077 1276 1122 1309 sire
1142 1262 1308 1324 procreandis,
1325 1261 1358 1310 de

303 1326 374 1374 nobis
391 1331 418 1374 et
435 1326 622 1376 successoribus
644 1325 744 1386 nostrie,
762 1325 845 1386 libere,
857 1325 961 1388 integre,
976 1325 1068 1388 quiete,
1086 1325 1155 1385 banse,
1168 1326 1231 1374 etin
1248 1341 1307 1390 peoe
1323 1325 1361 1375 in·

305 1395 476 1454 perpetuum
504 1391 632 1440 reddendo
659 1390 718 1438 inde
745 1389 876 1439 annuatim
905 1389 976 1438 nobis
1001 1395 1028 1438 et
1055 1391 1243 1440 successoribus
1270 1390 1363 1440 nostris

304 1455 363 1518 iiij⁰¹
379 1456 471 1504 eolides
487 1456 585 1518 urgenti
598 1456 631 1504 ad
647 1456 752 1504 Festum
771 1454 856 1504 Sancti
870 1454 1004 1514 Michaelis,
1020 1470 1065 1518 pro
1080 1456 1197 1504 omnibus
1212 1455 1320 1506 serviciis
1335 1460 1363 1504 et

304 1520 528 1569 consuetudinibus
550 1525 577 1569 et
595 1519 748 1570 secularibus
766 1519 918 1580 demendis;
944 1519 1012 1568 salvo
1031 1520 1133 1568 servicio
1156 1521 1258 1570 Domini
1281 1519 1363 1584 Regis,

304 1589 430 1648 quantum
446 1585 557 1649 pertinet
572 1586 605 1634 ad
622 1590 720 1634 tentum
737 1584 842 1634 liberam
852 1588 945 1633 terram
956 1585 988 1633 de
999 1585 1087 1634 eodem
1098 1585 1177 1635 feodo.
1212 1586 1256 1646 Ut,
1268 1591 1363 1648 sutem,

306 1649 352 1698 heo
373 1655 459 1699 nostre
483 1651 607 1700 concessio
629 1655 656 1700 et
677 1649 800 1714 presentis
823 1649 898 1699 Certe
917 1653 1002 1698 nostre
1021 1649 1177 1698 confirmacio
1196 1655 1251 1700 rate
1268 1651 1321 1700 sint
1338 1654 1365 1700 et

306 1715 407 1764 stabiles
429 1715 615 1778 inperpetuum,
632 1719 663 1764 ut
685 1715 827 1778 predictum
849 1719 895 1774 est,
913 1714 1023 1777 presenti
1046 1714 1120 1764 Certe
1141 1719 1227 1764 nostre
1254 1715 1365 1779 sigillum

306 1785 421 1828 nostrum
432 1780 523 1843 epponi
534 1780 640 1830 fecimus
651 1797 657 1840 ;
675 1779 723 1828 hiis
732 1778 1005 1838 rlectibus—Dominis
1018 1779 1115 1828 'I'homa
1126 1779 1242 1842 Maksrel,
1254 1781 1365 1830 Itoberto

308 1845 340 1894 de
357 1845 495 1908 Popphem,
512 1845 638 1894 Militibus
648 1860 655 1905 ;
686 1845 792 1894 Ricardo
803 1844 835 1893 de
846 1843 870 1892 N
872 1847 966 1904 ortona,
979 1843 1084 1894 Ricardo
1094 1845 1126 1893 de
1137 1845 1162 1894 la
1173 1845 1291 1894 Wdecoie
1302 1843 1365 1908 (sic),

307 1909 417 1959 Rcbertc
444 1909 476 1959 de
498 1909 625 1972 Berleghe,
653 1907 770 1958 Johenne
790 1909 814 1958 le
837 1909 907 1968 Poer,
931 1909 1040 1958 Rcberto
1067 1907 1168 1972 Mutun,
1197 1910 1305 1974 Hugons
1332 1910 1364 1959 de

306 1975 449 2089 {llestewgg
459 1975 520 2037 (sic),
531 1979 559 2024 et
568 1974 657 2024 multis
667 1973 859 2024 eliis-Detum
874 1973 942 2038 epnd
954 1974 1092 2035 teredone,
1104 1975 1179 2024 Anno
1190 1979 1217 2024 et
1226 1975 1268 2025 die
1278 1990 1365 2040 supra·

336 2045 400 2100 curu
450 2077 456 2090 .

211 2119 295 2205 Rya,
311 2107 594 2198 cernennentes
610 2123 646 2186 ιο
662 2117 893 2206 cenapum
916 2121 968 2184 34.
1006 2086 1008 2090 ’

209 2221 291 2308 Rye,
306 2223 431 2289 Robert
445 2223 495 2301 de,
509 2222 672 2289 admitted
687 2221 780 2289 Prior
795 2222 831 2288 oi
846 2223 894 2288 st.
911 2221 1077 2302 Nicholee‚
1093 2221 1235 2303 Exetes;
1257 2225 1307 2290 25.

211 2519 398 2602 Sechville3
418 2541 467 2586 ecc
482 2519 575 2586 Sicco
589 2519 688 2600 Ville,
704 2520 752 2586 de.
781 2433 807 2500 S

213 2625 262 2691 St.
278 2623 501 2708 Allen‚·—[See
516 2623 680 2711 Gergeul3
703 2627 765 2701 35⁰,
777 2624 859 2708 etc.].

256 2726 517 2793 —Oommieeion
542 2727 687 2794 directed
714 2729 768 2802 (15
797 2727 894 2804 Dee,¹
925 2727 1032 2810 1274),
1047 2732 1082 2794 to
1109 2728 1233 2794 Meeter
1255 2729 1299 2794 H.
1326 2729 1367 2796 de

301 2813 465 2900 Bolleghe,
485 2813 624 2879 Provost
646 2813 682 2880 of
702 2813 855 2900 Glasney,
879 2814 947 2879 end
968 2819 1004 2880 io
1025 2815 1083 2881 the
1102 2815 1230 2881 Officiel
1252 2815 1289 2881 oi
1310 2815 1368 2882 the

301 2900 513 2966 Archdeeccn
527 2900 563 2966 of
578 2899 753 2978 Cornwell‚
768 2901 804 2965 in
819 2901 876 2966 the
892 2905 1014 2966 matter
1026 2901 1062 2967 oi
1076 2903 1200 2967 certain
1216 2907 1368 2990 oute-egee

302 2987 493 3052 committed
517 2987 648 3072 against
674 2987 732 3052 the
757 2986 899 3066 (thurci,
917 2988 1038 3054 within
1064 2989 1131 3054 this
1157 2989 1281 3068 Perieh,
1303 2990 1371 3056 end

304 3073 479 3138 elsewhere
494 3074 530 3137 in
546 3073 712 3139 Oornwell
725 3098 776 3137 :—

281 3177 440 3226 Auctoritcte
451 3177 554 3225 Domini
565 3177 752 3226 Onutueviensie
763 3177 955 3241 Archiepiacopi,
963 3179 980 3228 J
982 3177 1061 3228 udicis
1072 3194 1117 3228 seu
1128 3179 1275 3229 Executoria
1286 3180 1373 3231 aSede

314 3241 457 3304 Apostolica
483 3242 606 3304 deputati,
634 3243 785 3291 mundemus
812 3241 889 3302 vobis,
912 3243 939 3291 in
963 3244 1059 3292 virtute
1088 3244 1239 3306 obediencie,
1266 3245 1373 3295 firmiter

315 3307 476 3370 injungentes
493 3306 614 3370 quatinus
634 3307 660 3355 in
676 3307 781 3370 singulis
802 3307 988 3356 Perochialibue
1011 3308 1126 3358 Ecclesiis
1148 3310 1372 3360 Archidisconatue

316 3371 448 3432 Gomubie,
460 3371 549 3420 diebus
566 3371 704 3420 Dominicis
715 3376 742 3421 et
753 3372 866 3433 FeetIvis,
878 3372 945 3422 inter
960 3373 1093 3422 Missurum
1110 3375 1256 3438 sollempnis
1272 3375 1372 3438 puplice

316 3441 343 3484 et
352 3437 524 3498 sollempniter
534 3437 679 3485 denunciari
689 3436 786 3486 indetis
802 3437 919 3486 omnibus
932 3437 982 3486 illie
998 3438 1042 3500 qui
1057 3438 1084 3487 in
1096 3439 1205 3488 Ecclesia
1216 3444 1242 3488 et
1253 3440 1373 3490 Purochia

317 3501 403 3550 Sancti
423 3501 500 3550 Aluni
517 3501 543 3549 in
562 3501 710 3564 Magistrum
728 3501 875 3562 Jordenum,
893 3507 955 3551 tunc
971 3502 1180 3552 Archidieconum
1198 3503 1330 3566 Oornubie,
1348 3511 1375 3555 et

317 3566 378 3614 alios
389 3566 455 3614 viros
467 3565 650 3615 Ecclesiasticus
667 3581 757 3616 manua
773 3567 902 3630 sacrilegas
918 3567 1067 3630 injecerunt,
1079 3569 1189 3632 eliaeque
1200 3585 1242 3618 eos
1253 3570 1372 3618 dehones-

320 3635 416 3690 urunt,
433 3634 461 3678 et
477 3630 522 3693 qui
538 3629 684 3695 hujusmodi
701 3631 825 3694 sacrilegis
840 3631 1023 3692 auctoritatem,
1041 3633 1180 3694 consilium,
1199 3635 1329 3694 auxilium,
1349 3641 1376 3684 et

317 3695 448 3744 audaciam
474 3695 617 3744 comitivam
637 3695 800 3760 delinquendi
819 3697 992 3759 prestiterunt.
1034 3697 1108 3758 Item,
1127 3699 1243 3747 omnibus
1260 3699 1310 3747 illia
1329 3700 1374 3763 qui

319 3760 456 3809 discretum
474 3759 555 3808 virum
572 3760 720 3824 Magistrum
732 3762 748 3810 ,J
750 3761 874 3810 ohannem
885 3761 917 3810 de
928 3761 996 3822 Esse,
1009 3761 1190 3812 Oencellarinm
1201 3768 1228 3811 et
1239 3763 1376 3814 Officiulem

319 3829 442 3886 nostrum,
455 3825 616 3873 commissum
631 3825 679 3874 sibi
696 3825 811 3876 Officium
828 3831 1001 3888 exequentem,
1014 3832 1140 3892 oeperunt,
1152 3828 1374 3892 incarceraverunt,

319 3894 346 3938 et
361 3889 460 3938 diucius
476 3893 615 3938 tenuerunt
630 3889 794 3953 captivatum,
806 3895 833 3940 et
844 3891 889 3954 qui
900 3907 958 3940 eum
970 3893 1002 3940 de
1018 3892 1109 3941 ielonie
1126 3893 1250 3942 maliciose
1266 3894 1374 3956 appella·

319 3960 388 4017 runt,
400 3959 427 4003 et
437 3953 486 4002 illie
498 3969 606 4017 quorum
617 3955 774 4014 auctoritate,
788 3955 915 4016 mandato,
927 3971 971 4004 seu
982 3961 1106 4020 precepto,
1118 3957 1237 4020 premisse
1253 3957 1374 4009 iecerunt

321 4019 395 4078 Item,
415 4019 533 4068 omnibus
552 4019 602 4067 illis
624 4019 669 4082 qui
691 4025 777 4069 contra
803 4019 938 4069 Ecclesiam
958 4021 1132 4081 Exonieneem‚
1151 4037 1203 4082 noa,
1226 4027 1254 4071 et
1274 4021 1375 4072 clericos

320 4089 418 4132 nocuos
440 4083 649 4147 conspiracionem
671 4099 716 4133 eeu
740 4083 948 4148 conjuracionem,
975 4085 1119 4149 juramento
1146 4091 1173 4134 et
1194 4087 1316 4150 scriptura
1335 4087 1376 4136 dr·

322 4155 424 4208 matam,
451 4149 570 4198 inierunt
612 4149 685 4210 Item,
705 4149 822 4198 omnibus
843 4149 893 4198 illis
915 4150 960 4213 qui
977 4151 1056 4212 nobis,
1075 4151 1219 4200 hominibus
1237 4156 1265 4202 et
1283 4152 1378 4203 clericis

241 4310 252 4341 ²
269 4309 310 4364 die
321 4309 424 4360 Subbati
435 4308 550 4378 proxime
561 4312 619 4376 poet
629 4308 734 4362 Festum
748 4309 840 4362 Sancte
851 4309 934 4372 Lucis,
946 4310 1062 4378 Virgmie,
1067 4312 1164 4380 -epud
1176 4311 1363 4378 Chuddelcghe.
