3224 4984
346 424 392 498 16
775 449 854 503 ran
879 448 1069 514 ascranae

343 601 523 653 mercatoribus
535 603 693 666 Florentinis,
706 605 822 668 Parisius,
834 606 881 656 sub
893 606 939 657 hac
950 607 1031 658 forma
1039 606 1210 657 r-Universis
1221 611 1277 666 etc,
1289 605 1423 668 walterus,
1435 609 1496 664 etc.;

343 667 450 717 Noverit
467 669 623 719 Universitas
641 675 724 720 vestra
740 672 809 734 quod
825 687 871 721 nos
887 672 1025 736 recepimus
1036 677 1063 722 et
1082 673 1216 722 habuimus
1235 689 1250 722 a
1269 672 1361 723 Gueiio
1382 671 1496 732 Renaldi,

344 733 445 782 Galtero
456 733 547 794 Scaldi,
559 735 653 784 Franco
665 735 808 796 Plebanelli,
820 741 847 786 et
860 735 956 786 Renero
970 737 1065 798 iacobi,
1077 738 1155 798 socib,
1173 738 1269 788 civibus
1279 742 1307 788 et
1316 737 1496 790 mercatoribus

344 797 501 860 Florentinis,
518 799 639 849 dantibus
655 805 682 850 ct
698 800 853 850 solventibus
869 817 915 866 pro
931 803 1017 866 seipsis
1034 807 1061 852 et
1076 803 1171 852 Vbertc
1183 803 1295 864 Renaldi,
1310 803 1404 852 Jacobo
1420 803 1494 851 Rem·

343 862 443 924 bertini,
455 863 604 914 Bonemino
616 865 737 926 Nicbolai,
749 871 776 914 et
786 866 803 915 J
804 867 879 915 acobo
892 867 1035 926 Bonacursi,
1047 873 1074 916 et
1088 868 1143 916 aliis
1154 884 1241 916 eorurn
1251 867 1324 917 acub
1335 867 1457 916 universis
1468 867 1496 915 in

343 928 459 990 solidum,
482 930 652 992 septingentas
674 935 701 980 et
718 931 854 994 nonaginta
874 947 968 981 mareas
985 947 1108 981 novorum
1126 937 1153 982 et
1170 932 1287 996 legalium
1307 931 1492 995 sterlingorum,

343 993 462 1042 tredecim
474 995 559 1043 solidis
577 999 603 1044 et
619 999 728 1058 quatuor
744 995 870 1059 sterlingis
881 1012 926 1060 pro
942 1013 1025 1046 marca
1041 997 1154 1060 qualibet
1169 997 1322 1061 computatis
1336 1013 1342 1056 ;
1360 1011 1423 1059 quas
1434 997 1497 1044 dicti

342 1062 491 1107 mercatores
503 1063 626 1108 eteorum
638 1059 697 1109 socii
713 1060 745 1108 de
761 1060 833 1110 nobis
845 1066 872 1110 et
888 1062 1089 1124 procuratoribus
1100 1062 1200 1122 nostia
1214 1061 1341 1111 Londonie
1353 1061 1379 1109 in
1397 1061 1495 1124 Anglia,

342 1137 357 1171 s
376 1123 451 1172 Festo
471 1124 654 1174 Pnnlicacicnis
672 1125 748 1174 Beate
771 1125 848 1174 Maris
872 1124 897 1190 [2
920 1125 1066 1188 Februaryl,
1089 1127 1164 1175 Anno
1187 1127 1274 1176 Gracia
1299 1125 1340 1173 lll⁰
1365 1124 1420 1176 CC⁰
1441 1123 1497 1174 lxx⁰

342 1188 458 1248 secundo,
481 1203 561 1251 usqua
584 1190 616 1238 ad
639 1191 744 1239 Festum
767 1190 853 1240 Sancti
876 1191 987 1254 Gregorii
1007 1193 1050 1253 [12
1070 1191 1174 1252 March1,
1205 1193 1243 1240 Μο
1263 1189 1317 1241 000
1343 1191 1400 1240 lxx⁰
1419 1189 1496 1238 tercio

342 1258 490 1315 receperunt
506 1259 533 1303 et
548 1255 620 1303 nobis
636 1255 788 1305 tenebantur
799 1256 903 1305 reddere
914 1261 940 1305 et
957 1257 1094 1306 restituere
1130 1256 1169 1305 De
1179 1257 1272 1319 quibus
1288 1255 1454 1320 septingentis
1470 1259 1497 1304 et

342 1318 479 1381 nonaginta
497 1319 586 1368 marcis
603 1335 649 1369 nos
665 1320 729 1369 bene
748 1321 844 1370 solutos
862 1325 888 1370 et
907 1321 1006 1384 quietos
1023 1337 1147 1381 vocamus,
1167 1321 1308 1384 excepcicni
1327 1336 1378 1370 non
1398 1325 1497 1383 recepte

341 1386 368 1431 et
378 1397 429 1431 non
446 1389 584 1446 numerate,
596 1399 624 1434 ac
640 1385 712 1434 nobia
728 1401 779 1434 non
795 1386 888 1435 uadite
904 1387 1009 1450 pecunie
1021 1387 1123 1436 omnino
1140 1386 1316 1435 renuncisndo.
1352 1386 1388 1434 Et
1398 1385 1430 1434 de
1441 1401 1495 1448 pre·

341 1447 417 1496 missa
427 1464 526 1498 sumrna
537 1450 640 1512 pecunie
657 1451 762 1500 iacimus
779 1449 863 1513 tinem,
875 1451 1079 1515 squietscionem,
1097 1455 1124 1500 et
1139 1451 1330 1510 absolucionem,
1347 1465 1375 1499 ac
1391 1455 1495 1514 pactum

340 1513 373 1562 de
389 1529 439 1563 non
458 1513 565 1564 ulterius
576 1515 711 1578 quicquam
722 1517 837 1578 petendo,
850 1533 895 1580 pro
906 1517 978 1566 nobia
995 1521 1021 1566 et
1034 1515 1216 1566 successoribus
1227 1515 1327 1576 nonnis,
1339 1515 1457 1576 Ecclesia
1469 1519 1496 1564 et

342 1578 492 1642 Episcopatu
512 1585 598 1629 nostro
617 1581 643 1630 in
663 1581 779 1642 solidum,
795 1582 928 1631 antedictis
944 1581 1061 1632 omnibus
1075 1581 1254 1630 mercatoribus
1273 1585 1300 1630 et
1317 1595 1404 1629 eorum
1423 1579 1496 1628 sociis

341 1643 462 1693 universis
473 1645 499 1694 in
511 1645 627 1706 solidum,
639 1647 751 1695 volentes
767 1647 835 1710 quod
846 1647 899 1696 sint
915 1663 981 1696 casse
993 1653 1019 1696 et
1035 1663 1098 1696 rane
1109 1662 1196 1695 omnes
1208 1646 1291 1696 Litere
1309 1645 1455 1708 obligatorie
1466 1649 1494 1694 et

340 1709 517 1771 instrumenta,
528 1726 557 1760 ac
568 1711 742 1773 promissiones
754 1728 803 1776 que
814 1712 846 1761 de
863 1712 988 1776 premissis
1005 1716 1107 1776 possent
1117 1711 1224 1761 ulterius
1239 1710 1347 1772 reperiri,
1359 1715 1386 1758 et
1397 1709 1494 1760 nullam

339 1774 472 1824 obtineant
494 1775 647 1825 firmitatem.
682 1779 744 1838 Que,
762 1793 828 1838 vero,
846 1777 930 1826 omnia
947 1777 1044 1840 prefata
1060 1777 1183 1840 prelibato
1200 1776 1281 1836 modo,
1293 1780 1324 1824 ut
1335 1775 1433 1824 dictum
1445 1779 1493 1836 est,

340 1852 385 1901 pro
396 1840 475 1901 nobis,
487 1841 579 1890 nostris
590 1841 708 1890 omnibus
719 1843 908 1902 suecessoribus,
921 1843 1037 1902 Ecclesia,
1045 1847 1070 1891 ct
1081 1841 1233 1905 Episcopatu
1245 1845 1331 1890 nostro
1338 1841 1364 1889 in
1375 1840 1493 1900 solidum,

339 1905 519 1967 promittimus,
541 1911 568 1954 et
584 1910 701 1955 tenemur
723 1907 776 1970 jam
791 1907 865 1956 dictis
881 1907 1059 1956 mercatoribus
1077 1907 1255 1970 recipientibus
1273 1921 1317 1969 pro
1341 1921 1367 1954 se
1386 1905 1447 1968 ipsis
1466 1910 1495 1953 et

339 1969 461 2018 universis
473 1985 560 2019 eorum
572 1971 643 2020 sociis
654 1971 680 2020 in
696 1971 811 2031 solidum,
832 1972 919 2030 iacere,
937 1973 1073 2030 observare,
1083 1977 1109 2020 et
1124 1971 1151 2020 in
1168 1971 1237 2020 nullo
1254 1970 1432 2030 contravenire,
1444 1969 1493 2018 sub

338 2049 403 2096 pens
420 2035 526 2098 duplicis
542 2037 661 2099 peccunia
677 2041 723 2086 aut
739 2037 775 2086 rei
791 2037 860 2086 unde
876 2042 996 2100 ageretur.
1041 2037 1076 2085 Et
1093 2040 1195 2100 propter
1209 2035 1263 2096 hoc,
1278 2051 1323 2085 nos
1340 2049 1493 2084 successoris

339 2104 443 2158 nostros,
464 2100 606 2162 Ecclesiam,
624 2106 652 2150 et
667 2102 846 2165 Episcopatum
863 2103 1030 2151 Etoniansem
1049 2102 1076 2150 in
1099 2101 1214 2161 solidum,
1231 2117 1282 2150 una
1299 2115 1358 2150 curn
1374 2099 1493 2148 omnibns

337 2163 409 2212 bonis
421 2165 512 2213 nostris
523 2169 550 2214 et
561 2179 647 2214 eorum
658 2167 775 2215 omnibus
790 2167 925 2216 mobilibus
937 2171 963 2215 et
979 2166 1157 2227 immobilibus,
1174 2166 1332 2229 presentibus
1348 2169 1374 2213 et
1385 2163 1488 2222 futuris,

337 2228 516 2278 Ecclesiasticis
532 2235 559 2279 et
575 2231 716 2292 mundanis,
734 2232 896 2294 proventibus
908 2237 934 2280 et
950 2231 1091 2280 redditibus
1108 2231 1231 2280 universis
1248 2231 1274 2279 in
1290 2231 1407 2290 solidum,
1419 2233 1489 2276 ante

337 2293 410 2342 dictis
428 2295 545 2344 omnibus
563 2296 742 2345 mercatoribus
762 2301 789 2344 et
809 2312 894 2346 eorum
915 2297 1038 2345 universis
1057 2296 1129 2345 sociis
1147 2296 1173 2344 in
1189 2295 1304 2354 solidum,
1326 2295 1353 2342 in
1372 2293 1492 2356 predictis

337 2357 506 2422 principaliter
514 2361 660 2424 obligamus.
697 2361 732 2410 Et
743 2362 919 2416 renunciamus
926 2378 970 2424 pro
978 2362 1056 2423 nobis,
1068 2361 1161 2410 nostris
1172 2360 1360 2419 successoribus,
1372 2357 1491 2419 Ecclesia,

336 2428 363 2471 et
376 2424 526 2488 Episcopatu
543 2429 637 2486 nemra,
654 2425 680 2474 in
698 2426 805 2474 solidum
825 2427 851 2474 in
866 2426 921 2486 hiis,
938 2427 1080 2490 excepcioni
1093 2441 1143 2474 non
1166 2426 1201 2474 sic
1220 2425 1256 2474 rei
1267 2429 1343 2488 geste,
1361 2423 1492 2486 privilegio

336 2489 465 2538 clericatus
486 2495 513 2538 et
532 2491 587 2550 lori,
607 2495 633 2539 et
652 2491 756 2540 cuilibet
778 2491 888 2540 subsidio
912 2492 1006 2552 Crucis,
1029 2490 1213 2541 Constitucioni
1234 2490 1266 2538 de
1287 2489 1386 2538 duabus
1408 2489 1491 2536 Dictis

336 2553 403 2602 edite
430 2554 456 2602 in
481 2555 591 2604 Concilio
617 2553 738 2617 Generali,
766 2561 793 2606 et
820 2557 937 2605 omnibus
959 2557 1013 2604 aliis
1033 2573 1082 2620 qna
1105 2561 1207 2619 possent
1229 2554 1305 2617 objici
1326 2559 1413 2602 contra
1435 2569 1491 2615 pre·

336 2618 403 2667 dicta
420 2619 459 2667 vel
474 2620 569 2684 aliquid
585 2621 762 2684 predictorum.
807 2621 837 2670 ln
853 2622 926 2684 cujus
945 2622 980 2670 rei
999 2621 1173 2670 testimonium
1188 2620 1365 2670 etc-Datum
1380 2617 1492 2667 Parisios

335 2683 410 2732 Anno
422 2684 524 2773 Dopnlni
535 2685 737 2774 lli⁰CC⁰lxrriij⁰,
750 2701 834 2780 menap
847 2687 946 2746 Marcio,
959 2685 1195 2780 diesertodecimc,
1218 2680 1270 2734 54¹².
1348 2749 1362 2779 ι

368 2813 449 2873 Anno,
468 2814 515 2874 dis,
535 2821 561 2864 et
584 2815 637 2864 loco
654 2815 745 2865 eisdem
764 2813 788 2878 [1
808 2816 882 2874 Nou,
901 2815 1025 2867 lara-at
1041 2815 1166 2878 Horsley],
1183 2813 1261 2862 exivit
1277 2813 1404 2877 quoddam
1428 2812 1491 2861 Pro-

334 2878 487 2927 curatorium
499 2880 625 2943 signatum
638 2881 669 2928 ad
686 2897 749 2944 opus
766 2881 879 2942 Magistri
897 2881 995 2929 Ricardi
1012 2881 1061 2929 Pan
1078 2896 1124 2944 pro
1141 2879 1263 2943 Episcopo
1280 2879 1312 2927 ad
1329 2879 1410 2927 Arcus
1422 2877 1489 2926 Lon·

335 2942 422 3001 donie;
441 2944 514 3034 cujus
526 2945 705 3034 transcriptum
716 2945 837 3040 remansit
847 2951 911 3003 etc;
931 2947 967 2995 58.
992 3009 1007 3039 .
1170 3007 1185 3032 ι
1347 3007 1363 3039 .

367 3072 441 3122 Anno
452 3075 546 3135 eodem,
558 3075 625 3138 apud
638 3075 709 3136 Clist,
718 3075 737 3137 ij
748 3075 874 3124 Kalendas
882 3075 1043 3139 Septembris,
1055 3074 1136 3123 exivit
1148 3072 1233 3122 litera
1242 3073 1290 3122 sub
1300 3071 1346 3121 hac
1357 3071 1437 3120 forma
1448 3087 1489 3121 :-

335 3137 476 3187 Venerabili
486 3140 555 3188 Patri
566 3145 593 3188 et
606 3141 750 3189 Reverendo
758 3141 867 3189 Domino
876 3157 929 3200 suo,
939 3140 1047 3189 Domino
1055 3139 1176 3200 monerio
1185 3137 1331 3201 Kiluarby],
1341 3137 1388 3186 Dei
1399 3137 1490 3185 Gracia

334 3203 508 3253 Csntuariensi
520 3205 716 3268 Archiepiscopo,
729 3205 809 3254 tocius
822 3206 909 3269 Anglie
922 3205 1033 3264 Primati
1046 3205 1181 3264 Walterus,
1193 3204 1315 3267 Ejusdem
1327 3201 1488 3250 miseracione

334 3267 481 3317 Exoniensis
505 3269 650 3332 Episcopus,
678 3271 793 3330 salutern,
821 3285 880 3319 cum
907 3270 975 3318 omni
997 3269 1146 3326 obediencia,
1167 3268 1313 3328 reverencia,
1336 3271 1363 3315 et
1384 3267 1486 3315 honore.

334 3333 457 3392 Quoniam
469 3335 516 3382 hoc
532 3333 637 3382 instanti
656 3335 730 3383 Festo
748 3335 895 3384 Natiuitatis
915 3335 992 3383 Beate
1008 3334 1117 3396 Virginis
1139 3331 1165 3397 [8
1178 3331 1266 3396 Sept.]‚
1288 3328 1486 3382 Consecracioni¹

333 3397 489 3447 Venerabilis
501 3399 589 3457 Patris,
605 3399 707 3448 Domini
724 3400 827 3454 Tharne,
846 3399 1034 3448 Hereiorslensis
1046 3399 1135 3457 Eleon,
1149 3399 1175 3446 in
1193 3397 1302 3446 Ecclesia
1314 3395 1407 3446 Christi
1420 3395 1485 3444 Can·

332 3463 452 3511 tuariensi
469 3464 621 3524 celebrande,
639 3465 680 3512 cui
697 3465 793 3512 racione
812 3464 942 3526 probitatis
958 3479 1009 3524 sue,
1027 3464 1173 3525 meritisque
1184 3463 1236 3511 suis
1252 3477 1280 3510 ac
1314 3460 1486 3523 rogenitorum

332 3543 434 3576 suorum
455 3529 619 3590 exigentibus,
637 3529 756 3578 iuteresse
772 3530 911 3590 gaudenter
929 3529 1107 3586 affectaremus,
1130 3527 1203 3575 variis
1221 3531 1247 3574 et
1263 3541 1279 3573 a
1311 3525 1350 3573 uis
1369 3525 1487 3586 impediti

331 3593 445 3655 negociis,
468 3593 585 3642 videlicet
605 3599 705 3656 propter
725 3595 829 3642 cderraas
855 3599 881 3642 ct
902 3593 1046 3656 gravamina
1066 3591 1173 3640 Ecclesia
1195 3597 1221 3638 et
1244 3591 1316 3639 Claro
1337 3589 1436 3638 dudum
1458 3589 1487 3638 in

330 3658 456 3706 (iornubia
467 3657 543 3720 illata,
555 3675 611 3721 que,
624 3675 668 3722 per
678 3659 816 3707 adventurn
826 3658 927 3707 Domini
940 3657 1044 3707 Comitis
1053 3656 1185 3713 Cornubie,
1199 3655 1263 3703 circa
1271 3655 1368 3703 dictum
1380 3654 1487 3703 Festum

331 3739 460 3786 speramus
479 3724 612 3782 emendari,
632 3727 659 3771 et
676 3723 751 3772 finem
771 3723 944 3772 controversiis
963 3722 1022 3770 inde
1039 3721 1114 3769 motis
1133 3720 1248 3783 imponi;
1270 3735 1299 3768 uc
1316 3723 1417 3782 propter
1436 3719 1485 3768 sol·

331 3789 456 3850 lempnem
475 3788 668 3837 celebracionem
690 3789 814 3837 Ordlnum
832 3789 930 3836 dudum
947 3792 1006 3836 ante
1025 3785 1193 3850 receptionem
1211 3785 1324 3834 Mandati
1344 3783 1421 3832 vestri
1440 3799 1487 3846 per

330 3853 414 3902 totam
436 3853 561 3902 Diocesirn
583 3857 695 3901 nostram
717 3852 908 3908 denunciamm3
938 3867 1034 3900 necnon
1056 3855 1083 3900 ct
1105 3849 1375 3900 Commemoracionem
1397 3846 1486 3897 Sancti

331 3917 454 3966 Gabriclis
473 3917 582 3966 secundo
599 3917 640 3966 die
658 3917 812 3994 Septembris
830 3916 856 3965 in
879 3917 989 3965 Ecclesia
1011 3923 1096 3964 nostra
1118 3915 1268 3974 Cathedrali,
1291 3915 1345 3963 Deo
1384 3913 1485 3976 rupicio,

330 3983 510 4043 celebrandam,
538 3982 642 4044 aliisque
671 3981 774 4030 diversis
800 3981 921 4044 occupati,
949 3997 999 4043 qne
1025 3981 1093 4029 salvo
1115 3979 1209 4029 honore
1231 3984 1316 4028 nostro
1338 3994 1373 4027 nu
1408 3983 1485 4027 tenus

330 4051 451 4110 poterunt
462 4047 554 4106 omitti,
568 4047 688 4096 interesse
699 4061 748 4094 non
760 4062 900 4109 possunm,
916 4045 1065 4095 Paternitati
1079 4049 1161 4094 vestre
1178 4045 1347 4108 supplicamus
1363 4043 1485 4106 quatinus

329 4113 355 4161 in
367 4111 494 4176 premissis
505 4128 557 4172 nos,
568 4113 589 4161 si
600 4112 689 4176 placet,
701 4111 791 4160 habere
804 4111 885 4160 velitis
897 4116 1033 4160 excusatos.
1071 4109 1265 4172 Consecracioni,
1282 4125 1347 4168 vero,
1363 4108 1484 4171 predicte,

326 4325 445 4392 ¹Bish0p
460 4321 875 4375 Grandissonhaswritteninthe
960 4317 1152 4369 Conaecracione
1175 4317 1248 4368 Beati
1273 4319 1362 4382 postea
1384 4316 1483 4370 mone

360 4409 440 4460 uppar
458 4390 555 4456 margin
576 4387 763 4440 here-“Nota
781 4387 822 4438 hic
844 4387 876 4438 de
959 4381 1165 4436 Heriordensis.'’
