3322 4982
591 483 775 538 cennens
799 482 934 538 mccx.
1271 461 1342 533 199

186 609 630 705 Launcestcn-continued.

233 739 386 806 charter¹
401 739 437 807 oi
451 739 613 828 Reginald
625 739 666 806 de
677 739 919 817 Dunstenville,
930 737 1054 805 Earloi
1069 735 1234 804 cornwell
1246 735 1340 820 (AD.

279 828 571 910 1140-1175):-

254 911 1265 1043 transnatantescassinianensis
1276 910 1341 1024 ti?

286 1049 424 1106 socratem,
435 1017 627 1094 cum'ornnibus
641 1045 693 1093 suis
706 1017 853 1108 pcrtineneii
863 1048 929 1093 stam
942 1041 1119 1092 Ecclesiasticis
1134 1056 1211 1105 quam
1227 1041 1302 1100 laicis,
1315 1045 1342 1089 et

289 1109 426 1158 Canonium
437 1109 530 1158 ibidem
549 1109 575 1158 in
587 1107 691 1158 honore²
703 1107 752 1158 Dei
769 1113 796 1158 et
815 1108 887 1157 Beati
906 1106 1111 1156 Prothomartiris
1122 1105 1244 1170 Stephani
1256 1105 1340 1153 minis·

288 1179 391 1235 trantes,
403 1178 431 1223 et
447 1190 492 1238 pro
506 1179 584 1234 stetu,
596 1175 787 1251 tranquillitate,
799 1179 824 1222 et
836 1189 896 1237 poce
912 1172 1021 1234 Henrioi,
1030 1171 1105 1248 Regis
1120 1171 1217 1234 Anglie,
1226 1169 1342 1219 similiter

288 1243 314 1287 et
325 1238 412 1302 Regni,
424 1244 451 1289 et
461 1255 506 1303 pro
525 1240 607 1288 salute
626 1255 708 1288 anime
727 1239 830 1288 Henrici
846 1237 927 1301 Regis,
939 1237 1022 1286 Patris
1032 1251 1089 1296 mes,
1102 1241 1129 1286 et
1139 1235 1252 1284 omnium
1264 1235 1341 1284 Anto·

287 1319 412 1352 oemornm
434 1309 461 1354 et
482 1305 658 1353 successorum
680 1308 831 1361 nostrornm,
854 1303 938 1352 Deum
960 1301 1059 1351 assidue
1080 1300 1276 1364 interpellantes,
1293 1299 1342 1348 sub

287 1369 442 1430 proteccione
465 1367 521 1430 Dei,
541 1373 568 1417 et
589 1367 692 1417 Domini
714 1367 823 1429 Heni-ici,
847 1367 920 1430 Bagis
942 1367 1039 1430 hughe,
1067 1370 1094 1415 et
1120 1381 1177 1414 mea
1198 1364 1342 1428 suscepisse.

287 1434 369 1492 Quare
381 1433 438 1482 volo
449 1437 477 1483 et
487 1433 601 1494 concedo,
614 1438 640 1482 st
652 1433 697 1482 hnc
710 1433 785 1482 carta
798 1447 853 1481 mea
871 1431 998 1492 confirmo,
1010 1431 1078 1494 quod
1098 1429 1204 1493 predicti
1224 1429 1343 1479 canonici

287 1497 397 1547 habeant
407 1503 434 1546 et
442 1503 546 1547 teneant
557 1503 720 1547 memoratam
739 1497 875 1548 Ecclesiam
886 1497 918 1546 de
934 1497 1125 1557 Lansceratone,
1134 1499 1161 1544 et
1169 1509 1255 1544 omnes
1263 1499 1343 1543 terras

288 1567 315 1610 et
331 1567 434 1612 tenuras
453 1579 511 1612 suas
532 1563 559 1612 in
580 1563 706 1613 cornubia
725 1577 787 1625 quas
812 1561 996 1611 racionabiliter
1023 1560 1126 1622 habent,
1144 1559 1184 1608 vel
1211 1559 1343 1622 adquirere

288 1632 408 1685 poterunt
418 1627 445 1676 in
459 1633 594 1691 posterum,
606 1627 643 1676 ita
654 1628 730 1676 libere
745 1631 772 1675 et
791 1627 882 1690 quiete,
897 1626 997 1690 pacifice
1018 1630 1045 1675 et
1059 1624 1201 1686 honorilice,
1212 1624 1280 1673 sicut
1295 1639 1343 1672 un·

287 1707 363 1754 quam
374 1692 430 1756 ipsi,
442 1692 482 1741 vel
490 1697 657 1742 antecursores
675 1691 716 1741 sui
732 1691 835 1740 liberius
850 1695 877 1740 et
894 1691 985 1740 melius
1000 1693 1157 1750 tenuerunt;
1176 1689 1269 1738 scilieet
1285 1703 1344 1738 cum

286 1757 359 1806 scete
370 1761 397 1806 et
407 1757 490 1818 Secia,
502 1757 545 1806 Tol
555 1763 582 1806 et
599 1756 695 1816 iham,
713 1760 740 1805 et
759 1755 955 1819 insuspectbeff
966 1760 1062 1805 etcum
1078 1753 1194 1804 omnibm
1206 1753 1261 1803 aliis
1272 1753 1344 1802 liber-

288 1821 385 1870 tatibus
396 1821 444 1870 sibi
454 1827 482 1871 ct
492 1821 636 1871 hominibus
653 1821 705 1870 suis
716 1822 747 1870 de
759 1821 833 1870 sectis
851 1821 985 1885 Scyrarum
996 1825 1024 1870 et
1039 1819 1238 1869 Hundredorum
1247 1818 1345 1882 placitis

290 1891 316 1935 et
327 1887 442 1949 querelis,
454 1885 634 1950 clyvcwardis,⁴
646 1891 672 1935 et
688 1885 805 1935 omnibus
821 1885 876 1934 aliis
892 1885 997 1946 auxiliis,
1009 1889 1037 1934 et
1047 1885 1117 1934 omni
1128 1884 1232 1934 seculari
1243 1883 1345 1932 servicio

289 1955 316 1999 et
328 1951 466 2012 exaccione,
477 1957 504 2000 et
514 1951 632 2000 omnibus
647 1952 702 2000 aliis
718 1949 888 2000 occasionibus
905 1956 931 1999 et
946 1949 1171 2000 consuetudinibus
1185 1947 1345 2008 seculmibus,

288 2015 355 2065 sieut
366 2031 455 2078 puram
467 2021 493 2064 et
505 2021 651 2080 perpetuam
663 2016 829 2065 elemosinam.
857 2015 980 2076 Preterea,
991 2015 1024 2064 ad
1035 2013 1154 2064 noticiam
1166 2013 1279 2063 omnium
1290 2013 1346 2062 volo

293 2081 421 2143 pervenire
439 2081 507 2145 qnod
530 2079 699 2146 Ιι[οιιοιιιιιι],6
719 2081 788 2129 Prior
813 2081 845 2129 de
865 2079 1057 2140 lansceratone,
1077 2079 1104 2128 in
1123 2078 1198 2142 pleno
1216 2078 1346 2137 comitatu,

290 2161 373 2194 coram
393 2161 442 2206 ma,
464 2147 532 2209 apud
555 2146 694 2196 Castellum
719 2145 751 2194 de
768 2143 958 2206 Dunehsvede,⁸
980 2144 1110 2208 Prepesito
1134 2148 1162 2192 et
1177 2142 1347 2205 Burgensibus

288 2210 403 2272 ejusdem
424 2211 490 2260 Ville
512 2211 678 2274 presentibus,
707 2209 859 2259 sufficienter
883 2215 910 2258 et
938 2209 1049 2272 legitime
1071 2207 1247 2258 disrscionsrit
1270 2207 1346 2268 quod,

291 2280 405 2338 tempora
429 2291 480 2338 quo
504 2275 594 2326 comes
611 2273 800 2324 Moretcnsnsis²
825 2279 965 2324 mercatum
988 2273 1045 2322 Diei
1072 2272 1203 2322 Dominice
1225 2273 1257 2322 de
1281 2271 1348 2321 Villa

292 2340 378 2389 Sancti
393 2340 516 2403 Stephani
531 2341 564 2389 de
581 2341 768 2389 Lanscevetone
783 2339 815 2388 ad
833 2354 924 2388 noram
941 2338 1033 2388 Villam
1045 2337 1148 2388 castelli
1164 2337 1196 2386 de
1212 2335 1349 2386 Dunhevet

294 2405 433 2464 transtulit,
452 2405 570 2455 canonici
591 2406 623 2454 de
648 2405 829 2464 Lanoevatone,
846 2405 878 2454 de
900 2419 1002 2453 assensu
1018 2407 1045 2452 et
1060 2403 1192 2452 voluntate
1217 2401 1349 2450 memorati

297 2469 403 2518 Comitis
419 2470 451 2518 de
472 2471 609 2531 Moretone,
633 2469 777 2519 retinebant
797 2469 853 2530 sibi,
871 2473 898 2518 et
919 2469 1003 2530 Bur-go
1024 2483 1071 2517 suo
1097 2468 1130 2516 de
1157 2467 1350 2526 Lanscevatone,

292 2539 318 2582 et
359 2534 530 2597 Burgensibus
567 2535 594 2584 in
627 2550 656 2584 ea
694 2533 855 2583 manentibus
888 2549 974 2583 omnes
1006 2532 1135 2582 libertates
1169 2533 1203 2580 ad
1241 2531 1349 2580 libenrm

289 2599 403 2661 Burgum
421 2603 570 2662 spectantes,
583 2615 642 2648 eum
659 2600 746 2648 eadem
768 2598 914 2662 integritate
930 2613 993 2662 quas
1012 2598 1045 2646 ab
1066 2597 1171 2660 antiquo
1190 2592 1350 2654 Ιιιιιιιιιιιιιιιι,Β

292 2669 377 2726 preter
396 2669 535 2714 mercatum
555 2665 612 2713 Diei
633 2664 764 2713 Dominice
786 2663 966 2712 tautummodo
989 2675 1085 2720 unum;
1112 2665 1139 2710 et
1160 2661 1208 2724 ipsi
1231 2659 1350 2710 canonici

193 2772 315 2821 R10Ean1>
334 2785 368 2822 ns
388 2773 545 2824 Usrssoss:
569 2775 609 2824 his
635 2775 748 2824 Election
834 2779 861 2823 to
873 2774 948 2823 aVill
959 2773 1091 2834 orManor,
1101 2770 1350 2834 oiboldingmsrhet,

227 2852 285 2896 was,
304 2838 364 2898 also,
373 2839 493 2888 annulled
505 2855 512 2900 ;
532 2839 580 2888 but
597 2855 612 2888 n
628 2840 750 2890 messan
832 2855 867 2899 or,
879 2839 907 2888 in
918 2838 991 2888 other
1002 2839 1090 2898 words,
1098 2837 1195 2902 huping
1205 2835 1256 2886 aud
1262 2835 1351 2898 selling

228 2901 344 2966 (perhaps
359 2903 403 2952 the
420 2903 498 2964 same)
513 2904 571 2953 died
587 2903 658 2953 Prior
668 2904 694 2952 in
706 2903 750 2953 the
832 2919 865 2952 on
875 2903 910 2953 its
921 2919 975 2952 own
988 2903 1091 2968 ground.

228 2965 335 3016 interval
347 2968 459 3018 between
471 2969 515 3018 the
526 2969 603 3018 death
614 2969 640 3017 oi
657 2969 750 3032 Bishop
803 2967 891 3017 liceum
904 2985 909 3018 :
920 2969 973 3016 'Phe
980 2968 1048 3031 right
1056 2968 1083 3016 ol
1093 2967 1217 3030 holdings
1227 2965 1351 3016 courtier

228 3031 324 3094 Bytton
345 3033 396 3082 ond
412 3033 456 3082 the
475 3033 598 3082 accession
614 3034 640 3082 oi
658 3033 751 3096 Bishop
834 3033 878 3082 the
889 3032 977 3096 taking
993 3034 1043 3082 and
1059 3032 1227 3081 examination
1247 3031 1273 3079 oi
1289 3045 1350 3078 war-

228 3096 364 3159 Stapeldon
377 3097 492 3158 (Olirer’s
503 3097 660 3160 Monosticon,
667 3113 691 3162 p.
701 3099 750 3158 22)
834 3098 927 3147 ranties
938 3098 1053 3147 ronched
1067 3097 1094 3146 in
1113 3097 1201 3146 favour
1212 3097 1238 3143 ol
1249 3110 1351 3158 persons

227 3159 281 3209 'Phe
292 3161 363 3211 dates
374 3162 424 3211 and
435 3162 508 3211 other
518 3162 664 3226 particulare
675 3179 702 3212 aa
713 3177 750 3212 re·
835 3162 915 3212 iound
927 3161 954 3211 in
966 3161 1104 3226 possession
1115 3163 1142 3210 oi
1157 3160 1237 3210 stolen
1249 3159 1334 3222 goods.

227 3225 351 3275 oordedin
363 3225 408 3276 the
416 3227 530 3292 Register
536 3227 625 3277 willbe
636 3227 750 3277 ioundin
801 3227 979 3290 Infaagmttef
986 3243 992 3276 ι
1011 3227 1064 3276 The
1076 3226 1149 3290 privii
1180 3241 1200 3286 e,
1210 3241 1238 3274 or
1254 3225 1353 3288 liberty,

228 3289 272 3339 the
280 3289 352 3340 Text.
833 3291 939 3368 granted
955 3297 983 3341 ιο
1000 3291 1044 3341 the
1061 3291 1159 3340 [ordo
1189 3289 1309 3339 alienor
1325 3289 1352 3336 ci

194 3351 205 3386 ¹
223 3353 323 3405 ‘'Carta
334 3355 493 3407 libertatum
509 3356 635 3408 cornubie
644 3357 658 3380 ”
676 3357 750 3419 (mon
834 3357 942 3420 Judging
968 3373 983 3406 a
1005 3357 1070 3406 thiel
1092 3355 1168 3405 taken
1196 3353 1286 3404 within
1313 3353 1352 3402 his

230 3418 295 3484 pin).
836 3423 959 3471 demesne.
994 3421 1025 3471 In
1052 3436 1121 3470 some
1148 3421 1272 3468 instaures
1299 3417 1352 3467 this

195 3481 207 3514 ⁸
224 3483 353 3546 honorem,
366 3485 452 3537 Oliva.
835 3485 953 3550 privilege
964 3485 1089 3536 axtended
1105 3489 1133 3534 to
1148 3485 1180 3534 all
1192 3484 1352 3546 delinquente

196 3547 208 3580 ³
225 3548 320 3600 docem
340 3549 444 3615 Libertp
463 3551 490 3600 oi
517 3551 659 3616 exemption
686 3553 752 3602 from
836 3551 1006 3611 whatsosrer;
1025 3551 1051 3600 in
1070 3550 1163 3611 others,
1181 3549 1241 3613 only
1257 3552 1285 3597 to
1307 3547 1353 3596 tha

234 3618 379 3679 customary
406 3620 539 3680 peyments
566 3619 617 3666 and
638 3617 750 3682 imposta
835 3631 901 3677 men,
913 3631 942 3664 or
958 3616 1096 3680 homsgers,
1111 3613 1245 3678 belonging
1263 3618 1290 3662 to
1308 3611 1353 3661 the

229 3677 750 3746 auctmsprivnegedeangfromsngle
834 3679 1037 3746 Manor(liiley’s
1049 3677 1241 3744 Glomrytctte
1258 3675 1354 3726 “Liber

230 3743 314 3793 Sason
331 3745 413 3806 times,
433 3745 515 3795 which
529 3745 635 3796 enabled
651 3746 696 3796 the
711 3747 748 3796 in·
835 3745 1006 3795 &emmeram
1022 3743 1234 3804 menwss'

232 3807 307 3857 ferior
318 3809 385 3859 Iord
402 3813 430 3859 to
448 3809 508 3860 hold
525 3826 541 3860 s
556 3811 636 3862 court
654 3811 694 3860 ior
704 3811 748 3861 the
799 3807 809 3842 ¹
827 3809 1002 3874 clynewardis,
1017 3809 1114 3860 Oliva:
1130 3809 1179 3858 but
1194 3806 1314 3856 heresem
1325 3811 1353 3856 tc

232 3873 404 3936 adjudication
420 3874 448 3924 ol
464 3875 557 3925 Oanses
578 3875 691 3926 between
707 3875 747 3927 his
830 3875 964 3936 thismrd,
976 3875 1106 3938 occurring
1116 3875 1142 3923 in
1153 3872 1259 3923 another
1270 3871 1351 3921 Doou·

232 3952 289 3987 own
305 3939 406 3989 russis.
440 3939 509 4002 ibis,
526 3940 682 4002 herisienis
698 3941 750 3991 also
832 3939 1174 4003 mentes“clpuesrerds's,ia
1180 3935 1353 4000 cliffguarda”

234 4017 283 4052 one
293 4003 321 4052 of
331 4003 376 4054 the
386 4004 516 4068 meanings
527 4005 554 4054 oi
563 4019 629 4056 meos
639 4021 646 4068 3
657 4005 751 4068 andin
801 4003 812 4036 ⁶
831 3999 909 4066 “B.,”
933 4003 1177 4068 Olim-Probably
1196 4001 1292 4052 Robert
1307 3999 1351 4049 the

233 4067 571 4128 wthemaetshadesol
586 4069 751 4134 signifimim
834 4069 913 4130 Prior,
933 4069 989 4119 who
1008 4069 1067 4119 died
1083 4069 1128 4134 viij
1146 4066 1272 4118 Kalendas
1288 4064 1352 4118 suli

233 4132 261 4181 ci
281 4131 368 4183 “sac''
387 4135 438 4184 and
458 4133 545 4184 “sco'’
570 4139 669 4198 cannot,
697 4151 751 4199 per·
834 4133 877 4196 [24
888 4133 975 4196 June],
987 4135 1059 4184 1149.

234 4197 304 4259 hapa,
315 4198 379 4248 with
394 4213 444 4264 any
457 4199 615 4264 satisfactory
626 4201 715 4264 degree
726 4199 753 4250 oi
803 4197 814 4230 ⁰
831 4198 1008 4260 Dunehevede,
1021 4197 1106 4250 Olioer.

234 4277 354 4328 accuraey
365 4263 397 4312 be
408 4264 567 4316 ascertainsd.
803 4261 814 4296 i
830 4264 953 4326 lloreton,
966 4263 1051 4314 Oliva.

203 4323 258 4378 ror:
267 4326 755 4397 Apnvssegegmntecsyshesmreign
804 4325 816 4362 ⁸
830 4328 982 4394 babuerunt,
994 4328 1080 4382 oum.
