3304 4978
304 432 377 502 240
557 449 690 504 annor
707 425 1011 503 nnoussoousn's
1028 448 1211 505 nnorsrma

305 601 353 670 St.
369 603 702 670 Ailou-continued.

401 708 500 770 nostris,
515 713 603 758 contre
619 707 759 756 Libertates
776 705 892 767 Ecclesie,
905 707 968 756 Jura
983 711 1011 758 ot
1028 707 1230 758 Consuetudines
1247 707 1334 772 Regni,
1351 706 1457 771 injurius

401 773 509 837 dampna
520 779 547 822 et
558 773 684 822 molestias
700 773 795 836 injuste
806 772 1058 836 irrogarunt—quod
1069 773 1231 836 personaliter
1241 777 1400 836 compareant
1410 788 1455 835 pre

400 838 497 887 ictibus
514 837 615 902 Major-is
632 837 741 887 Ecclesie
758 837 828 886 Beati
845 837 915 886 Petri
932 837 1086 899 Exoniensis,
1098 837 1125 887 in
1136 839 1244 888 crastino
1255 838 1341 888 Sancti
1352 838 1454 897 Thome,

401 903 511 952 Martiris
521 901 564 966 [30
576 902 655 964 Dec.],
662 902 719 951 lesis
731 905 757 951 et
767 902 875 964 gravatis
886 901 1004 965 personis,
1013 902 1106 966 singuli
1117 903 1144 952 in
1154 903 1207 952 suis
1217 903 1342 966 gradibus,
1354 903 1454 964 condig-

401 983 460 1016 nam
479 968 611 1017 emendam
628 973 655 1016 et
671 967 864 1016 satisfaccionem
884 983 959 1029 super
977 967 1103 1030 premissis
1114 969 1250 1030 prestituri.
1285 967 1454 1028 Denuncietis,

401 1033 486 1094 mium,
498 1031 602 1096 prefatis
613 1031 723 1095 personis
734 1031 791 1080 lesis
802 1036 829 1080 et
839 1031 948 1094 gravatis
959 1032 1034 1095 quod,
1046 1032 1121 1082 dictis
1131 1033 1172 1108 Q
1183 1037 1210 1082 et
1220 1033 1281 1092 loco,
1297 1037 1455 1096 compereant

400 1113 445 1160 per
455 1113 488 1158 se,
501 1098 540 1146 vel
548 1113 593 1160 per
604 1103 773 1160 procuratores
790 1097 906 1160 ydoneos,
918 1101 944 1145 ct
955 1097 1150 1146 satisfaccionem
1166 1101 1194 1147 et
1209 1099 1341 1147 emendam
1357 1097 1454 1146 csncni·

400 1177 456 1212 cam
475 1162 605 1226 recepturi.
640 1163 719 1222 Hanc,
738 1167 832 1223 autem,
850 1161 1069 1210 denunciacionem
1087 1163 1120 1210 ud
1137 1177 1268 1226 personam
1287 1163 1385 1212 Nobilis
1401 1161 1454 1210 Vtri

402 1227 508 1276 Comitis
528 1227 654 1276 Oomubie
670 1227 814 1276 nullatenus
831 1227 934 1274 extendi
953 1227 1069 1276 volumus
1085 1242 1129 1275 seu
1145 1228 1301 1276 mandamus.
1342 1226 1454 1287 Quodsi

400 1307 452 1342 non
462 1293 536 1341 ambo
547 1292 596 1340 hiis
607 1291 758 1354 exequendis
773 1291 892 1340 interesse
909 1291 1030 1353 poteritis,
1042 1291 1105 1340 alter
1116 1296 1313 1342 veebum—non
1324 1296 1453 1355 expectata

401 1373 445 1406 seu
454 1357 680 1406 excusatanlterius
689 1357 873 1419 presencie-ea
882 1356 1058 1405 nichilominus
1066 1361 1211 1420 exequatur.
1232 1357 1352 1417 Qualiter,
1361 1361 1453 1416 eutem,

402 1438 503 1484 presens
523 1423 670 1471 Mandatum
691 1427 805 1470 nostrum
823 1419 922 1469 fueritis
940 1421 1047 1481 executi,
1066 1437 1118 1482 nos,
1130 1422 1206 1471 dictis
1225 1423 1267 1471 die
1287 1428 1315 1470 et
1331 1422 1392 1483 loco,
1411 1437 1455 1485 per

404 1487 499 1536 literas
510 1492 605 1536 vestras
625 1487 743 1535 Potentes
754 1486 844 1535 hamm
855 1485 943 1534 seriem
954 1486 1118 1546 continentes,
1127 1486 1238 1536 reddatis
1249 1487 1379 1546 cerciores,
1396 1487 1434 1536 58.

371 1551 446 1602 Anno
462 1557 488 1600 et
503 1553 556 1600 loco
570 1551 671 1610 eisdem,
687 1565 720 1599 xv
737 1551 862 1599 Kalendas
878 1551 992 1599 Junumii
1008 1548 1051 1613 [18
1068 1551 1135 1610 Dec,
1154 1553 1278 1602 1274-at
1289 1547 1449 1614 Ohudleigh]‚

402 1617 480 1666 exirit
492 1617 576 1666 Litera
586 1616 635 1664 sub
645 1616 691 1664 hec
702 1616 793 1664 forms:
804 1615 936 1675 walterus,
947 1615 993 1664 Dei
1003 1615 1085 1677 gracie
1094 1615 1240 1665 Exoniensis
1251 1615 1396 1680 Episcopus,
1404 1621 1451 1665 eto.

404 1681 509 1730 Officiali
520 1679 645 1730 cornubie
663 1681 782 1730 etc-Ut
796 1695 812 1728 a
822 1679 953 1742 fidedignis
968 1679 1118 1740 audirimus,
1128 1681 1186 1730 talis
1203 1697 1271 1730 error
1289 1682 1316 1730 in
1328 1680 1452 1731 Oornubia

402 1745 594 1809 dampnabiliter
609 1746 663 1809 jem
678 1744 786 1794 invaluit
797 1750 828 1794 ut
839 1744 948 1807 quidam,
960 1745 1012 1794 suis
1029 1745 1124 1794 meritis
1135 1746 1301 1808 exigentibus,
1312 1762 1357 1809 per
1368 1745 1453 1794 Domi·

404 1825 466 1860 num
479 1809 683 1860 cantuariensem
694 1809 843 1858 nominatim
855 1809 1063 1858 excommunicati
1080 1810 1178 1872 publice
1189 1811 1341 1872 denunciati,
1353 1811 1454 1860 credmt

403 1875 451 1924 sibi
461 1875 541 1941 licere,
553 1875 676 1924 Beneficio
687 1874 859 1925 Absoluciouis
871 1875 983 1924 nondum
994 1875 1105 1935 obtento,
1119 1875 1213 1924 Christi
1225 1875 1352 1925 ffidefibus
1363 1875 1453 1938 passim

403 1944 430 1990 et
459 1940 605 1990 indistincte
632 1939 820 2000 communicare,
847 1955 876 1988 ec
902 1944 1019 2002 pretextu
1050 1939 1119 2001 quod
1148 1939 1180 1988 de
1209 1941 1300 1990 stando
1332 1939 1456 1989 Mandatis

404 2005 512 2054 Ecclesia
528 2005 701 2068 juramentum
717 2005 882 2068 prestiterunt
899 2004 1031 2067 corporale,
1047 2005 1087 2053 vel
1104 2005 1129 2052 in
1147 2005 1224 2054 Curia
1240 2005 1413 2055 Cantuariensi
1429 2019 1455 2054 sc

403 2075 518 2119 asserunt
534 2069 662 2120 absolutos
672 2071 705 2118 ad
715 2070 844 2118 cautelam.
895 2069 977 2127 Unde,
991 2085 1023 2118 ne
1034 2084 1078 2132 per
1089 2069 1235 2132 hujusmodi
1246 2085 1354 2119 onorem
1370 2069 1457 2118 illicita

404 2137 436 2184 de
453 2140 535 2184 cetero
552 2150 611 2184 cum
630 2135 777 2199 hujusmodi
796 2134 1016 2184 excommunicetis
1035 2149 1079 2197 per
1096 2133 1190 2184 curisti
1207 2135 1305 2184 Fideles
1320 2135 1366 2184 fiet
1382 2134 1455 2184 (iom-

404 2201 498 2262 munio‚
516 2215 561 2264 per
574 2215 650 2263 quam
668 2201 734 2249 Grex
751 2199 898 2248 Dominicus
913 2199 1060 2258 maculetur,
1081 2199 1150 2247 vobis
1169 2200 1318 2248 mandamus
1335 2199 1455 2263 quatinus

403 2266 503 2329 publice
514 2265 670 2314 denuncietis
681 2265 803 2313 universis
814 2269 840 2312 st
851 2263 955 2326 singulis
967 2279 998 2312 ne
1010 2263 1112 2326 prefatis
1124 2264 1351 2324 excommunicatis,
1363 2279 1454 2328 quous·

403 2345 453 2394 que
464 2330 617 2379 Beneficium
629 2329 801 2378 Absolutionis
809 2329 921 2391 optinere
930 2328 1074 2388 meruerint,
1082 2329 1108 2377 in
1117 2343 1174 2377 casu
1184 2344 1199 2377 a
1204 2329 1261 2392 jure
1270 2345 1320 2378 non
1329 2329 1456 2392 permisso,

403 2395 585 2444 communicare
598 2399 751 2492 presumegnt,
765 2409 809 2458 per
825 2393 892 2456 quod
907 2409 923 2442 a
936 2393 1126 2457 perticipooione
1144 2394 1370 2456 Sacramentomm,
1388 2395 1457 2458 quod

404 2461 470 2510 absit
488 2460 551 2509 fiant
561 2460 653 2518 alieni;
671 2461 701 2508 te
717 2495 722 2507 .

371 2523 453 2585 Anno,
468 2499 516 2587 die,
528 2529 555 2573 et
565 2525 618 2572 loco
630 2524 723 2572 eisdem
733 2521 760 2586 [8
772 2519 853 2583 Jan.,²
866 2521 975 2584 mil-51,
986 2523 1053 2582 apud
1073 2522 1151 2586 Olyst,
1167 2522 1246 2572 exivit
1257 2523 1342 2573 Liters
1351 2523 1400 2573 sub
1410 2523 1457 2573 bac

403 2591 484 2639 forme
495 2589 666 2648 :—Wulterus,
679 2588 734 2650 δια,
746 2588 838 2637 dilecto
849 2587 899 2636 lilio
909 2587 1027 2650 Magistro
1039 2587 1134 2636 Thome
1145 2588 1176 2637 do
1188 2587 1321 2649 Boclonde,
1334 2589 1459 2638 Gunenico

405 2654 580 2711 Oriditcnensi,
600 2654 715 2712 salutem,
737 2653 852 2717 gracum
872 2657 899 2702 et
925 2652 1233 2703 benediccionem-Cum
1253 2669 1298 2702 nos
1316 2654 1457 2703 venerande

404 2719 560 2768 discrecionis
569 2719 629 2778 siro,
643 2719 734 2767 dilecto
751 2717 801 2766 filio
818 2717 918 2766 Dccuno
935 2717 1075 2776 Exoniensi,
1088 2717 1119 2766 ed
1132 2717 1300 2780 recipiendum
1313 2717 1457 2768 canonicam

405 2785 537 2834 emendam
555 2785 587 2833 ab
601 2783 650 2832 hiis
669 2783 701 2832 de
716 2782 842 2833 cornubie
858 2782 903 2844 qui
922 2787 1009 2831 contra
1025 2781 1161 2830 Ecclesiam
1178 2783 1353 2844 Excniensem,
1365 2799 1418 2844 nos,
1430 2788 1457 2833 et

404 2850 561 2899 Suocesscrss
583 2853 687 2908 nocuos,
713 2847 909 2897 Ecclesiasticam
936 2847 1079 2896 libertatem
1100 2847 1224 2908 violando,
1247 2848 1457 2912 conspiracionem

405 2915 531 2978 quandam
543 2917 716 2977 conceperunt,
728 2917 755 2961 et
766 2916 891 2975 quantum
902 2911 928 2960 in
940 2911 975 2960 eis
991 2911 1041 2960 iuit
1057 2910 1172 2960 malivole
1184 2911 1322 2962 voluntatis
1332 2913 1455 2962 instinctu

404 2979 432 3028 in
442 2979 558 3028 effectum
570 2979 751 3042 produxerunt,
762 2991 858 3026 necnon
870 2981 897 3024 et
915 2977 947 3024 ad
963 2975 1138 3039 hujuscemodi
1149 2975 1312 3026 violatoribus
1323 2977 1455 3026 Ecclesias-

403 3044 453 3094 tice
468 3043 591 3092 libertatis
608 3041 710 3105 Majoris
735 3040 1007 3090 Excommunicacionis
1023 3041 1156 3090 sentencia
1174 3057 1190 3090 a
1210 3041 1311 3091 (lenone
1329 3042 1381 3091 late
1398 3057 1457 3091 con·

404 3108 505 3168 strictis,
522 3107 679 3156 contricionis
698 3107 730 3155 de
746 3104 884 3154 commissis
905 3105 976 3167 signa
997 3104 1172 3167 figurantibus,
1189 3105 1328 3168 penitencie
1343 3107 1458 3158 fructum

403 3173 451 3222 sibi
467 3171 589 3236 impertiri
605 3171 762 3236 postulando,
774 3169 946 3219 Absoluoionis
957 3169 1109 3218 Beneficium
1123 3169 1321 3232 impendendum
1332 3171 1380 3220 sub
1391 3177 1461 3221 certa

403 3238 485 3286 forma
506 3237 676 3286 commisimus
692 3236 757 3284 sices
779 3239 882 3283 nostras
918 3235 1061 3294 Penscntes,
1078 3238 1171 3295 tamen,
1188 3239 1260 3284 tante
1276 3236 1459 3300 magnitudinis

404 3302 494 3352 Virum
506 3302 559 3350 eine
570 3302 691 3364 adjuncto
704 3301 730 3349 in
739 3301 785 3349 baa
796 3304 873 3362 parte,
885 3298 991 3347 aliorum
1002 3299 1162 3361 negociorum
1173 3299 1323 3349 distractum
1334 3300 1458 3350 instancia

404 3382 475 3431 posse
490 3367 665 3430 multipliciter
684 3363 830 3429 pregrasari,
842 3363 889 3412 tibi
909 3364 1057 3412 mandamus
1073 3364 1194 3426 quatinus
1209 3364 1237 3413 in
1255 3367 1342 3414 eodem
1350 3365 1457 3427 negocio

404 3436 543 3480 memorato
555 3431 635 3480 eidem
648 3431 748 3479 Decuno
760 3428 895 3478 Exoniensi
906 3427 1030 3488 assistms,
1040 3429 1179 3477 secundum
1188 3429 1273 3479 Deum
1284 3435 1312 3479 et
1321 3430 1458 3494 justiciam,

404 3497 437 3545 ad
456 3497 575 3544 honorem
592 3495 708 3552 Ecclesie
719 3493 866 3557 hujusmodi
881 3497 1072 3556 transgressores
1088 3497 1134 3542 tua
1151 3509 1267 3556 procures
1284 3495 1420 3558 prudencia
1431 3497 1459 3544 in

405 3561 494 3611 Sinum
507 3560 617 3610 dictricis
635 3559 742 3608 Ecclesie
753 3558 868 3618 revocari,
881 3557 966 3606 taliter
983 3558 1009 3606 in
1027 3557 1174 3621 hujusmodi
1193 3575 1309 3622 processu
1325 3559 1420 3623 negocii
1431 3565 1459 3610 te

403 3626 511 3718 gerendo
523 3631 553 3674 ut
563 3624 694 3689 diligencia
709 3629 754 3673 tua
770 3639 785 3672 a
799 3621 871 3672 nobis
887 3623 977 3672 merito
992 3622 1196 3672 commendabilis
1212 3625 1272 3673 inde
1289 3625 1368 3688 possit
1383 3640 1458 3689 repu-

371 3753 453 3814 Anno,
471 3726 524 3803 loco
542 3753 665 3817 [eisdem],
681 3753 722 3802 dis
741 3752 843 3802 Veneris
862 3753 975 3815 proxima
992 3754 1049 3814 post
1069 3750 1170 3800 Cineres
1188 3751 1212 3814 [1
1234 3753 1328 3815 March,
1346 3751 1461 3818 1274-5J,

404 3819 483 3868 exivit
494 3819 579 3868 Litera
589 3819 637 3867 sub
647 3819 694 3866 huo
704 3819 784 3866 formu
797 3817 967 3876 :—Walterus,
980 3821 1034 3876 etc,
1053 3853 1058 3865 .
1087 3853 1092 3865 .
1117 3852 1123 3864 .
1152 3817 1250 3866 dilectis
1261 3817 1318 3868 filiis
1330 3819 1461 3883 Proposito

404 3885 436 3932 de
453 3883 577 3948 Glasneye
593 3887 620 3931 et
636 3882 741 3932 Officiali
756 3880 929 3930 Archidiaconi
946 3880 1071 3930 Cornubie
1088 3881 1203 3944 sulutem,
1214 3883 1330 3946 graciam,
1347 3889 1375 3932 et
1386 3885 1460 3933 bens-

403 3947 765 3998 diccicnem.—Monicionibus
786 3962 801 3995 a
822 3945 935 4010 paciente
956 3945 1089 4008 incognitis
1108 3946 1192 4009 ipsum
1213 3948 1246 3996 ad
1267 3947 1401 3998 interitum
1428 3949 1461 3998 de

306 4099 315 4131 ¹
334 4106 359 4169 vj
373 4107 435 4157 Idus
448 4107 568 4159 ianuarii.
940 4119 1009 4154 same
1019 4105 1107 4154 words.
1133 4105 1157 4154 A
1167 4107 1327 4172 noteworthy
1338 4107 1463 4160 satiation

307 4165 318 4197 ²
334 4169 395 4221 'l'his
406 4173 553 4221 Document
565 4172 586 4220 is
597 4171 712 4220 followed
729 4171 763 4234 by
774 4186 789 4219 a
800 4185 863 4234 copy
944 4169 1013 4218 irs-‘¹
1022 4173 1093 4218 tante
1104 4170 1287 4233 magnitudinis
1297 4173 1357 4222 molo
1379 4209 1384 4222 .
1404 4211 1411 4224 .
1432 4211 1438 4224 .
1456 4211 1464 4225 .
1632 4187 1633 4232 l

340 4235 366 4282 oi
382 4237 427 4285 the
445 4237 562 4299 Bishop's
579 4235 667 4286 Letter
682 4240 710 4285 to
722 4235 767 4285 the
784 4236 862 4296 Dcan,
944 4248 1072 4297 pomonam
1085 4239 1194 4286 vestram
1216 4271 1223 4284 .
1245 4272 1252 4288 .
1271 4271 1278 4289 .
1297 4239 1466 4304 pregravsn',”

339 4301 367 4349 to
378 4301 423 4354 the
435 4315 504 4356 mine
515 4301 591 4354 effect
606 4301 657 4351 end
673 4301 701 4350 in
716 4300 802 4368 nearly
819 4299 863 4350 the
