3224 4984
292 455 315 532 t
644 471 854 534 serscoesn
880 471 1094 536 saeternae.

292 631 551 719 Kingsteignton
562 657 613 698 :-

326 752 438 803 Cortude
453 753 646 803 Pretosdociom
661 753 762 804 sesae
777 755 807 804 de
826 753 939 818 Teyntos,
957 769 1013 804 cam
1031 754 1141 804 Ecclesiis
1160 761 1182 804 ei
1206 753 1311 817 cheltie
1325 759 1347 802 et
1362 767 1445 802 eoram

289 817 446 880 pertinenciis
459 818 622 868 :-0mnibns
642 819 736 868 Christi
758 819 876 868 fidelibus
894 820 926 868 sd
946 834 1009 881 quoe
1025 835 1126 882 presens
1149 819 1277 882 Scriptum
1302 817 1445 882 pervenerit

294 881 435 931 Willelrnus
446 883 583 945 [Briwere],
596 884 686 932 Divina
693 883 853 934 miseracione
861 884 1009 934 Exoniensis
1016 884 1161 948 Episcopus,
1170 885 1278 934 salntem
1289 883 1315 932 in
1328 883 1443 932 Domino.

295 947 399 996 Noverit
409 947 564 997 Universitas
576 953 659 997 vestra
669 950 738 1011 quod
749 965 802 1010 nos,
813 949 925 1013 inspecta
942 949 1105 1012 indulgencie
1120 949 1199 998 felicis
1210 948 1328 998 memorie
1340 945 1445 996 Honorii

295 1013 363 1076 Pape
385 1013 637 1062 Tertii—Venerabili
659 1013 736 1074 Patri,
757 1013 879 1077 Episcopo
899 1014 1050 1074 Sammensi,
1073 1019 1099 1063 et
1120 1014 1235 1078 ejusdem
1253 1013 1301 1063 loci
1319 1011 1444 1076 capitulo,

295 1093 371 1140 snper
382 1077 512 1126 Probends
528 1079 559 1126 de
575 1079 699 1141 Teynton,
716 1094 793 1142 quam
809 1079 899 1128 habuit
916 1078 1025 1128 Ecclesia
1040 1079 1205 1139 Smumensis,
1222 1093 1342 1136 concessa,
1358 1079 1391 1126 de
1402 1077 1441 1138 [...

298 1139 347 1202 ...]¹
371 1141 452 1191 Patris
472 1142 574 1191 Domini
596 1140 646 1204 R,¹
668 1143 825 1192 summensis
848 1143 971 1206 Episcopi,
991 1147 1018 1192 et
1037 1144 1151 1207 ejusdem
1173 1143 1219 1193 loci
1238 1143 1355 1206 Capituli,
1377 1141 1445 1190 dicte

293 1205 423 1256 Prehende
452 1211 623 1270 patronorum,
654 1207 813 1258 Ordinacioni
843 1213 927 1257 nostre
952 1214 1042 1272 sponte
1069 1223 1096 1258 se
1118 1209 1310 1264 subiciencium3
1333 1207 1444 1268 dampno

295 1271 405 1320 Eccleeie
415 1277 500 1321 nostre
509 1271 657 1321 Exoniensis
669 1277 695 1322 et
706 1272 852 1322 necessitate
864 1273 971 1322 Ecclesia
983 1273 1140 1323 Sarameneis
1155 1279 1181 1322 et
1192 1272 1347 1322 concessione
1358 1269 1443 1334 hujus,

297 1337 363 1384 sicut
374 1336 465 1396 decuit,
483 1337 635 1400 ponderatis,
646 1337 782 1400 conjuncto
798 1337 963 1386 discretorum
980 1343 1007 1386 et
1026 1339 1109 1387 Deum
1125 1338 1271 1388 timentium
1287 1335 1396 1394 consilio,
1412 1335 1444 1383 de

298 1401 414 1450 Ecclesiis
425 1401 457 1450 ad
466 1401 560 1450 dictam
569 1401 724 1450 Prebendsm
731 1402 910 1465 spectantibus,
917 1405 1030 1451 invocata
1039 1403 1148 1466 Spiritus
1157 1402 1242 1452 Sancti
1250 1401 1337 1465 gracia,
1345 1399 1442 1448 ordina·

297 1466 380 1514 vimus
397 1466 423 1514 in
443 1465 511 1514 hunc
525 1467 644 1515 modum:
670 1467 792 1524 videlicet,
813 1467 882 1530 quod
902 1467 1011 1516 Ecclesia
1031 1469 1062 1515 de
1079 1467 1203 1530 'l'eington
1219 1481 1277 1516 cum
1294 1465 1395 1528 Capella
1410 1463 1443 1512 de

297 1531 461 1593 'Peinngwelre
478 1536 505 1580 et
521 1531 630 1580 Ecclesia
646 1531 678 1580 de
695 1531 874 1592 Yealmintton,
891 1547 951 1580 cum
969 1531 1069 1594 Capella
1085 1547 1138 1592 sua,
1155 1537 1182 1580 et
1198 1531 1315 1580 omnibus
1327 1529 1399 1578 bonis
1410 1528 1443 1576 ad

297 1595 377 1644 dictas
390 1596 510 1644 Ecclesiae
521 1601 549 1644 et
557 1595 669 1657 Capellae
677 1595 856 1656 spectantibus,
865 1597 896 1644 de
908 1603 990 1645 cetero
1000 1598 1052 1645 sint
1063 1595 1235 1656 Prehenderle,
1243 1599 1270 1644 et
1278 1611 1319 1643 eas
1329 1593 1443 1656 Episcopi

297 1661 466 1720 Sarnmenses,
477 1661 521 1724 qui
528 1677 574 1724 pro
582 1665 694 1724 tempore
701 1658 828 1724 [inerint],
836 1677 893 1710 cnm
906 1662 1053 1720 vacaverint,
1063 1661 1157 1710 futuris
1166 1665 1193 1710 et
1200 1659 1327 1724 perpetuis
1334 1664 1443 1720 tempor·

296 1724 361 1785 ibas,
378 1726 509 1774 conterant
525 1731 556 1774 ut
572 1725 689 1788 patroni;
711 1727 754 1785 ita,
772 1730 865 1786 tamen,
885 1727 953 1789 quod
970 1727 1005 1787 [a]
1022 1727 1094 1774 nobis
1110 1733 1137 1775 et
1151 1725 1333 1774 successoribus
1350 1723 1443 1772 nostris

296 1789 446 1838 instituatur
456 1790 478 1839 is
489 1789 529 1839 cni
540 1789 619 1838 fuerit
629 1790 718 1839 collata
730 1791 858 1839 Prsbenda
869 1792 1018 1854 suprndicta,
1031 1791 1105 1840 salsis
1116 1790 1317 1854 competentibus
1326 1787 1423 1837 sicariis
1436 1803 1443 1848 ;

296 1855 412 1914 Ecclesie,
424 1871 490 1914 vero,
502 1855 534 1903 de
546 1855 648 1904 Kenton
657 1859 684 1903 et
692 1855 820 1917 Affington
832 1855 879 1915 [ie
893 1857 964 1904 West
975 1856 1122 1919 Alvington]
1131 1871 1190 1904 cum
1198 1870 1284 1904 earum
1294 1853 1407 1917 capellis.
1416 1857 1443 1901 et

296 1919 459 1982 proventibus
470 1925 496 1968 et
507 1919 579 1968 bonis
588 1920 788 1982 quibuscumque
799 1921 830 1968 ad
842 1935 883 1968 ens
895 1921 1086 1983 pertinentibus,
1097 1921 1189 1969 cedant
1199 1920 1225 1968 in
1237 1924 1370 1982 perpetuos
1383 1933 1443 1966 usus

296 1983 441 2046 quotidiano
457 1984 643 2033 distributionis
660 1985 842 2033 Ganonicorum
859 1985 1006 2034 Exoniensis
1023 1986 1130 2034 Ecclesia
1149 2001 1195 2048 pro
1214 1983 1442 2047 recompensacione

296 2049 442 2112 multiplicis
453 2049 552 2098 lesionis
563 2064 640 2112 quam
650 2049 760 2098 sustinet
772 2048 880 2098 Ecclesia
893 2055 979 2098 nostra
990 2050 1135 2099 Eroniensis
1148 2065 1179 2099 ex
1190 2049 1346 2100 concessione
1356 2063 1441 2110 suprs-

294 2113 368 2163 dicta.
403 2115 445 2174 Et,
457 2114 539 2162 utheo
548 2118 633 2162 nostra
644 2113 777 2163 Ordinacio
785 2119 839 2162 rata
849 2119 876 2163 et
887 2115 998 2163 sabssia
1006 2119 1033 2163 et
1043 2115 1189 2164 inconcussa
1197 2118 1341 2178 permaneat
1351 2113 1441 2174 imper·

295 2183 410 2240 petuum,
422 2179 532 2242 presenti
548 2178 647 2241 Scripto
663 2177 774 2242 sigillum
785 2183 908 2239 nostrum,
924 2195 975 2227 uns
985 2195 1044 2228 oum
1059 2179 1212 2228 Venerabilis
1228 2179 1310 2227 Patris
1327 2175 1443 2240 Episcopi

295 2243 452 2292 Saturnensis
463 2247 490 2291 et
501 2243 675 2306 Oupitulorum
688 2243 778 2292 Sarum
785 2249 812 2292 et
819 2245 890 2292 Exon
899 2243 993 2307 sigillis,
1004 2245 1095 2308 apponi
1103 2244 1214 2293 iacimus.
1224 2243 1275 2306 [iol.
1286 2239 1332 2292 91b
1343 2241 1443 2290 written

294 2323 326 2356 ou
348 2307 455 2356 ablsnlr
472 2323 549 2371 space
584 2307 645 2356 This
661 2307 835 2357 documentis
852 2309 960 2358 without
981 2325 995 2358 a
1012 2309 1089 2368 dste3
1112 2307 1161 2357 but
1176 2309 1198 2357 it
1214 2313 1284 2356 must
1300 2307 1363 2356 heve
1379 2307 1441 2354 been

293 2373 415 2422 executed
433 2373 545 2422 between
565 2372 644 2435 April,
666 2374 728 2421 1224
747 2373 797 2421 and
817 2373 881 2421 Nos.
906 2375 977 2434 1244,
997 2373 1042 2422 the
1059 2373 1144 2436 period
1160 2373 1187 2422 oi
1203 2373 1297 2436 Bishop
1314 2370 1443 2420 Briwere's

293 2438 448 2500 Episcopate.
482 2437 536 2486 'Phe
547 2453 610 2501 copy
621 2437 643 2486 is
659 2442 705 2486 not
715 2437 819 2501 signed;
836 2437 885 2486 but
896 2437 939 2487 the
951 2439 1051 2501 writing
1062 2438 1142 2487 shews
1154 2438 1212 2487 that
1228 2437 1282 2486 itis
1293 2452 1340 2486 one
1354 2435 1382 2484 oi
1397 2435 1442 2484 the

293 2503 448 2551 Documenta
460 2502 562 2566 happily
573 2503 676 2551 reecued
688 2501 753 2551 irom
765 2502 874 2551 oblivion
881 2503 916 2566 by
927 2503 971 2551 the
983 2503 1104 2566 diligeuce
1115 2503 1142 2552 oi
1153 2503 1197 2551 the
1208 2501 1442 2552 above-mentioned

292 2567 402 2617 William
414 2569 548 2631 Germyna
560 2567 689 2630 Registrsr
699 2567 726 2616 in
740 2567 833 2631 Bishop
845 2568 982 2617 Woolton’s
994 2569 1056 2617 time
1068 2567 1204 2628 (wit-iili

291 2713 510 2800 Oadburyz-

324 2815 478 2882 Ocrapcris'c’
503 2817 597 2868 Viecrie
609 2817 711 2869 Ecclesia
728 2817 758 2868 de
776 2815 900 2868 taceat
912 2819 1075 2869 :-Omnibus
1090 2817 1185 2869 Christi
1199 2815 1316 2866 fidelibus
1330 2815 1363 2865 ad
1378 2831 1442 2879 quos

290 2899 391 2948 presens
405 2884 534 2947 Scriptum
550 2885 692 2948 pervenerit
708 2884 827 2946 Magister
844 2884 965 2933 Ricardus
981 2885 1105 2943 Blundus,
1115 2883 1282 2934 cancellarius
1298 2881 1400 2940 Exonie,
1414 2885 1442 2930 et

290 2949 393 2998 Domini
400 2949 547 2997 Erroniensis
560 2949 674 3012 Episcopi
686 2949 810 3009 Officiulis,
822 2953 849 2997 et
860 2946 980 3012 Magister
993 2949 1032 2999 W.
1044 2950 1076 2998 de
1086 2949 1199 3008 Ouriton,
1212 2947 1328 2997 Officialis
1339 2946 1442 2995 Domini

290 3013 465 3062 Archidiaconi
484 3013 587 3074 Exonie,
601 3019 713 3062 eternam
732 3014 758 3062 in
779 3014 887 3062 Domino
906 3013 1160 3064 salutem—Noverit
1177 3012 1333 3064 Universitas
1350 3015 1441 3070 vestra,

290 3079 440 3127 auctoritate
452 3078 553 3127 Domini
574 3077 701 3139 Willelmi,
720 3078 866 3127 Exoniensis
878 3079 1002 3141 Episcopi,
1021 3095 1067 3128 nos
1078 3084 1176 3128 taxasse
1191 3077 1316 3126 Vinariam
1333 3075 1442 3125 Ecclesia

290 3144 322 3192 de
345 3142 476 3192 Cadeberi‘
495 3144 520 3192 in
543 3143 611 3192 hunc
632 3144 755 3203 modum;
779 3143 873 3192 scilicet
892 3144 961 3206 quod
977 3144 1088 3192 Vicarius
1114 3143 1159 3206 qui
1176 3157 1221 3206 pro
1240 3147 1353 3205 tempore
1363 3140 1442 3190 inerit

291 3208 395 3257 hebebit
406 3209 494 3256 domos
510 3223 560 3271 que
571 3208 618 3256 site
629 3213 691 3257 sunt
702 3208 767 3256 inira
783 3209 866 3257 locum
882 3209 930 3256 sibi
941 3209 1096 3270 assignatum
1107 3207 1134 3256 in
1149 3207 1241 3256 Boriali
1252 3211 1323 3270 parte
1339 3206 1380 3254 sie
1391 3220 1441 3268 que

289 3273 361 3323 ducit
368 3274 399 3322 de
407 3273 553 3322 sanctuario
559 3273 592 3321 sd
601 3273 736 3322 Ecclesiam
745 3271 782 3320 et³
791 3273 828 3336 iiij
838 3287 905 3322 aci-ae
913 3278 979 3322 terre
988 3274 1015 3322 in
1022 3279 1093 3336 prato
1106 3273 1243 3336 adjacente,
1250 3276 1277 3320 et
1285 3269 1442 3333 altulam'um⁸

289 3341 416 3401 integrum
435 3353 494 3386 cum
505 3337 607 3387 decimis
626 3337 684 3398 ient,
697 3343 723 3386 et
738 3353 839 3386 ornnem
856 3339 1019 3387 medietatem
1037 3338 1172 3401 garbamm
1190 3337 1222 3386 ds
1241 3335 1344 3385 decimis
1360 3335 1441 3384 artus

289 3403 415 3462 Psrochie,
427 3419 485 3452 cnm
498 3403 580 3450 tribus
590 3402 676 3451 solidis
687 3402 794 3450 ai‘riore
806 3409 833 3450 et
846 3403 978 3452 Oonvmtu
991 3403 1077 3452 Sancti
1088 3402 1203 3451 Micholui
1214 3400 1363 3450 Exoniensis
1372 3399 1441 3449 dicte

289 3468 386 3516 Vicario
397 3467 527 3516 annuatim
545 3467 669 3516 solvendis
685 3468 718 3516 ad
735 3467 830 3516 Pascha
845 3473 872 3515 et
887 3467 920 3516 ad
937 3469 1041 3516 Eestum
1058 3467 1144 3516 Sancti
1156 3465 1290 3526 Michaelis,
1302 3466 1373 3529 equis
1384 3480 1440 3528 por·

289 3532 417 3588 cionibus;
435 3532 503 3581 salvs
519 3531 594 3580 dictis
609 3531 689 3580 Priori
703 3537 730 3580 et
746 3531 888 3582 conventui
903 3531 981 3582 altera
996 3531 1130 3581 medietate
1140 3531 1274 3594 garbarum
1290 3531 1322 3580 de
1338 3529 1441 3580 decimis

288 3597 368 3647 totius
379 3597 509 3660 parochie;
526 3597 600 3646 salvis
613 3597 680 3646 ateis
691 3596 809 3645 omnibus
820 3597 923 3646 decimis
931 3598 963 3646 de
972 3597 1119 3646 Sanctnerio
1131 3596 1239 3645 Ecclesia
1250 3595 1324 3656 dicte,
1332 3595 1399 3656 quod
1408 3594 1441 3644 ad

287 3677 330 3712 eos
347 3662 464 3726 pertinet,
483 3665 510 3711 et
529 3661 561 3709 de
582 3661 708 3710 dominico
734 3662 766 3710 de
786 3659 913 3725 Bogeleg,'
939 3666 994 3710 tam
1018 3661 1129 3710 minimis
1148 3676 1225 3725 quarn
1244 3659 1347 3724 magnis.
1382 3659 1441 3709 Sus-

288 3727 388 3788 tinebit,
410 3732 504 3786 autem,
526 3726 610 3775 ‹lictus
632 3725 746 3776 Vicarius
767 3725 795 3776 in
813 3727 881 3776 dicte
904 3727 1013 3776 Ecclesia
1034 3726 1118 3776 omnia
1139 3741 1215 3775 onera
1242 3723 1398 3790 Episcopslia
1415 3728 1443 3773 et

286 3791 499 3842 Archidisconalia
509 3791 596 3840 debite
606 3795 633 3840 et
643 3796 767 3841 consueta
802 3791 838 3841 Et
848 3791 960 3856 inhujus
970 3791 1007 3841 rei
1016 3791 1191 3842 testimonium
1202 3805 1303 3854 presens
1313 3789 1442 3854 Scriptum

289 3857 428 3922 sigillonem
439 3861 583 3906 nostrorum
591 3856 747 3920 apposicione
758 3855 935 3908 roboravimus.

295 4065 377 4118 ¹0ne
395 4083 424 4117 or
442 4073 493 4118 two
509 4068 591 4117 words
610 4071 680 4118 must
697 4067 761 4117 have
777 4067 842 4117 been
956 4065 1099 4129 'Twceia
1111 4067 1140 4119 G.

327 4133 435 4183 omitted
452 4133 676 4248 iiiemqffinbgrm
694 4149 744 4182 was
762 4137 808 4182 not
826 4149 842 4182 a
956 4132 1155 4248 :ggeipbpsdq
1182 4196 1203 4248 c

295 4260 306 4293 ²
323 4213 505 4324 ,iffiffiher
514 4263 622 4312 Ricbard
629 4235 674 4312 the
682 4263 747 4313 Poor
755 4260 840 4326 (1217·
956 4213 1181 4327 Mammium.
1204 4231 1211 4246 ι

326 4329 409 4457 ἒέἕὲζ,
425 4344 453 4378 or
464 4327 558 4378 Robert
569 4329 601 4378 ds
615 4327 739 4394 Bingham
753 4329 840 4393 (lme-
956 4326 967 4361 ⁷
986 4328 1062 4380 ltcdie
1075 4329 1183 4395 Bowlsy.
