3298 4984
663 432 831 486 GENERAL
859 435 981 487 INDEX.
1041 459 1043 464 ·

228 582 340 648 Forde
355 584 703 672 Abbey-continued.

332 695 480 772 hujusmodi
490 699 623 749 rebellione
635 705 661 750 et
672 705 819 765 contemptu
832 707 952 752 maslaum
970 703 1101 752 consilium
1113 708 1139 752 et
1150 703 1272 752 erisilium
1284 701 1392 752 vicissim

333 763 476 825 supendere
486 769 623 826 teneamur,
633 767 815 816 Paternitatem
823 773 931 816 vestram
944 769 1093 831 requirimus
1103 775 1129 817 et
1139 785 1254 830 rogamus
1266 768 1394 830 quatinus,

333 827 364 874 ab
380 828 489 877 salutem
506 829 646 879 animarum
663 831 689 880 in
707 830 847 880 subsidium
864 833 928 906 iguis
944 838 1109 896 assurgentes,
1122 835 1246 895 prelatum
1261 829 1394 889 Abbstem,

333 892 376 951 qui
398 910 425 942 se
446 900 529 943 vestre
552 895 648 944 Diccesi
670 897 816 959 frequenter
843 897 967 960 inmergit,
995 899 1021 946 in
1044 899 1148 962 singulis
1171 899 1286 946 Ecclesiis
1313 904 1395 946 vestre

333 957 448 1007 Civitatis
460 964 486 1007 et
499 959 615 1020 Diocesis,
625 961 728 1023 singulis
741 961 835 1010 Diebus
847 963 983 1011 Dominicis
994 968 1020 1011 et
1030 963 1142 1020 Festivis,
1155 963 1260 1026 pulsatis
1269 963 1395 1025 campanis

331 1027 357 1069 et
367 1023 476 1072 candelis
490 1025 598 1074 accensis
609 1026 634 1074 in
647 1031 738 1074 terram
750 1027 874 1090 projectis,
882 1028 1026 1076 denunciari
1036 1029 1114 1077 iacere
1127 1028 1216 1088 velitis,
1228 1029 1249 1075 si
1261 1029 1349 1090 placet,
1358 1027 1394 1076 sio

332 1087 456 1148 ligatum;
485 1105 623 1152 quousque,
647 1091 735 1140 rubore
755 1095 872 1151 suffusus,
895 1093 928 1140 ad
953 1093 1060 1141 Ecclesia
1088 1093 1190 1142 redierit
1212 1093 1344 1151 unitatem,
1367 1097 1394 1141 et

331 1151 496 1202 absolucionis
508 1155 657 1203 beneficium
669 1157 789 1204 meruerit
800 1157 912 1205 obtinere
923 1172 929 1212 ;
948 1163 979 1206 ut
996 1173 1072 1220 quem
1090 1158 1166 1206 timor
1178 1158 1224 1206 Dei
1240 1158 1331 1205 amalo
1343 1173 1393 1206 non

330 1223 436 1277 revocat,
462 1219 634 1269 Ecclesiasticus
650 1221 738 1269 saltem
756 1221 884 1270 coherceat
899 1222 1167 1284 disciplina—Datum
1185 1223 1320 1282 Lorvdouie,
1346 1222 1389 1286 viij

331 1282 457 1332 Kalendas
468 1284 539 1334 Junii
551 1285 592 1346 [25
605 1283 681 1349 May}
694 1287 768 1334 Anno
781 1287 867 1336 Grecis
879 1286 922 1336 ΜΟ.
937 1287 996 1336 00⁰.
1010 1288 1065 1336 lxs⁰
1076 1293 1147 1336 sexto
1159 1303 1166 1348 ;
1186 1287 1244 1336 ibid.

228 1377 294 1444 Tae
309 1378 458 1466 Bishop’s
480 1389 496 1414 ‘¹
506 1382 712 1467 Significavit
722 1383 736 1408 ”
767 1391 799 1448 to
815 1383 864 1448 tlac
878 1382 1029 1468 issep,-

295 1499 370 1550 Anao
381 1503 467 1551 ecdem
477 1502 572 1564 etloco,
585 1503 612 1551 in
626 1503 699 1552 Festo
711 1504 869 1553 Pentecosten
880 1502 923 1567 [24
941 1506 1006 1567 May,
1015 1503 1098 1568 1276],
1107 1505 1186 1554 exivit
1194 1505 1275 1554 litera
1285 1505 1333 1553 sub
1342 1504 1388 1554 hae

328 1567 1388 1632 forma2—ExcellentissimoPrincipietRcvereuchominosuo,Dominoltdvrnrdc,

329 1633 376 1682 Dei
383 1633 465 1697 grecia
470 1633 531 1695 Regi
536 1634 624 1696 Anglie
631 1633 730 1693 illustri,
741 1635 849 1682 Domino
859 1635 992 1698 llybernie,
1001 1641 1027 1684 et
1034 1636 1098 1684 Duci
1104 1635 1245 1698 aquitanie,
1255 1633 1395 1696 Walterus,

328 1699 488 1747 miseracione
499 1698 590 1747 Divina
600 1698 747 1747 Exonieusis
759 1699 903 1761 Episcopus,
915 1701 1020 1748 salutem
1031 1700 1056 1748 in
1064 1702 1101 1749 llo
1111 1701 1159 1760 Qui
1169 1701 1213 1748 dat
1224 1701 1332 1748 sulutem
1342 1701 1387 1748 lle·

328 1765 408 1826 gibus,
426 1768 453 1812 et
471 1779 587 1812 somnam
600 1763 834 1826 posttriumphum,
869 1765 943 1826 liegie
960 1765 1095 1828 llajestati,
1115 1769 1201 1813 teum
1221 1765 1387 1824 l‘reeenciuru,

329 1829 497 1886 sisarificamus
514 1829 582 1890 quod
600 1828 740 1876 Willelmus
759 1829 790 1876 de
803 1829 937 1888 Crulrerne,
954 1830 1039 1878 Abbas
1057 1831 1089 1878 de
1102 1831 1188 1889 Forde,
1206 1831 1345 1878 Willelmus
1356 1831 1388 1878 de

330 1895 440 1954 Dittonc,
459 1894 570 1950 clericus,
587 1898 614 1942 et
630 1893 713 1955 Agara
729 1894 760 1941 de
778 1895 885 1952 Cruuau,
898 1902 982 1942 nostre
994 1895 1110 1955 Dioceuis,
1128 1899 1229 1958 propter
1246 1895 1390 1942 mersimus

327 1975 413 2007 eorum
425 1960 593 2006 contumacias
605 1963 632 2006 et
642 1960 754 2018 vallenses,
767 1959 861 2006 meritis
873 1959 924 2006 suis
936 1958 1101 2021 exigentibus,
1115 1959 1388 2008 llammmunicaciouis

328 2025 458 2073 Sententia
469 2039 513 2086 per
522 2039 568 2071 nos
579 2029 640 2071 suist
651 2023 772 2082 innodati,
789 2040 817 2072 nc
829 2024 912 2080 iidem,
932 2025 1082 2086 covrtcnrptis
1101 2025 1208 2072 Ecclesic
1226 2025 1343 2082 clavibus,
1361 2023 1387 2072 in

327 2089 445 2137 coritiana
467 2087 739 2136 Esoovnrnunicaciouis
762 2089 893 2136 Sentencia
915 2105 959 2150 per
981 2089 1147 2151 quadraginti
1168 2089 1221 2136 dies
1238 2089 1387 2152 etamplius

326 2154 468 2212 existentes,
481 2153 563 2202 adhuc
574 2153 657 2200 animo
669 2153 788 2215 pertinaci
797 2153 822 2200 in
830 2153 917 2202 eadem
926 2155 1057 2202 &nuncia
1064 2155 1245 2202 contumaciter
1252 2153 1388 2202 dormitare

326 2234 376 2266 nou
387 2219 532 2266 formidant.
567 2219 640 2278 carm,
652 2217 737 2280 igitur,
759 2217 867 2266 Ecclesia
883 2234 927 2280 per
943 2235 969 2266 ss
982 2219 1087 2268 ulterius
1104 2225 1190 2268 contra
1201 2219 1235 2267 sio
1246 2219 1349 2266 rebelles
1360 2223 1387 2266 ot

326 2289 485 2332 contumaces
502 2287 611 2346 nequeat
628 2283 766 2345 procedere,
779 2283 881 2345 Regiam
893 2283 1052 2346 hlajestatem
1068 2289 1177 2332 vestram
1194 2283 1345 2345 requirimus
1361 2287 1388 2331 et

325 2364 449 2411 rogamus,
461 2347 581 2410 quatinus
592 2349 624 2396 ad
636 2347 739 2396 rebelles
756 2353 783 2396 et
793 2352 952 2396 contumaces
963 2349 1087 2410 predictos
1099 2349 1254 2411 castigandae
1265 2347 1387 2395 auxilium

326 2413 420 2461 brachii
448 2413 571 2470 seorvlaris,
599 2413 738 2461 seeundum
765 2413 834 2475 regui
862 2413 1077 2474 consuetudinem,
1105 2413 1127 2461 si
1154 2414 1242 2476 placet,
1270 2412 1388 2460 adhibere

325 2477 469 2540 dignemini,
489 2483 518 2525 ut
537 2477 612 2526 iidem
632 2477 742 2538 rebelles,
760 2477 874 2526 adhibito
892 2483 974 2526 vestre
994 2478 1124 2540 potestatis
1144 2477 1245 2538 auxilio,
1262 2477 1338 2525 cicius
1353 2477 1385 2524 sd

326 2543 434 2591 Ecclesie
443 2542 752 2591 redeantuuitatem.-ln
764 2557 873 2605 quorum
888 2542 1061 2592 testimonium
1070 2543 1202 2591 excellenti
1214 2541 1385 2590 Domine-aioni

324 2613 406 2656 vestre
429 2608 525 2656 Literas
550 2612 647 2656 nostras
670 2607 796 2655 mittimus
817 2605 1074 2656 Issenses-Datum
1097 2607 1233 2668 bondonis,
1258 2606 1284 2656 in
1310 2607 1385 2655 Festo

325 2672 509 2732 Pentechostes,
522 2673 596 2720 Auno
609 2672 695 2721 Grecis
707 2672 752 2720 M0.
766 2673 827 2721 CC⁰.
840 2671 992 2732 lxx0se1to;
1011 2673 1048 2724 73.

222 2771 256 2833 Α
287 2768 374 2834 Writ
398 2769 507 2835 issued
526 2771 560 2833 in
576 2791 755 2855 pursuance
782 2769 817 2834 of
840 2769 897 2834 the
923 2769 1026 2836 above
1042 2769 1250 2856 Requisition
1265 2769 1301 2835 oi
1324 2769 1381 2835 tho

314 2855 445 2942 Bishop.
491 2856 558 2920 But
573 2855 630 2921 the
641 2856 767 2921 hbbots
783 2857 819 2921 oi
833 2857 889 2921 tlrc
902 2857 1082 2922 Cistercian
1093 2858 1197 2923 Onlor
1206 2857 1383 2942 supported

314 2943 371 3007 the
387 2965 481 3008 cause
494 2943 529 3007 oi
544 2943 631 3007 their
646 2943 794 3019 Brother,
804 2944 950 3007 William
960 2945 996 3008 of
1007 2944 1120 3020 Forde,
1130 2945 1196 3008 and
1210 2943 1385 3008 addressod

314 3049 334 3093 a
349 3029 493 3094 Petiticn
509 3035 544 3094 to
559 3029 616 3094 the
633 3029 723 3115 King
738 3031 772 3093 in
790 3029 999 3106 Parliament,
1014 3035 1050 3095 at
1068 3031 1279 3106 Winchester,
1294 3029 1381 3095 aiter

314 3115 370 3180 the
386 3116 485 3181 Feast
500 3115 535 3181 oi
550 3115 598 3180 St.
622 3116 752 3201 Hilary,
777 3117 1002 3202 representing
1018 3117 1093 3182 that
1108 3117 1231 3202 Bishop
1247 3116 1384 3181 Brones-

313 3203 449 3267 combe's
465 3202 675 3288 proceedings
698 3225 783 3267 vvere
805 3203 1058 3288 infringements
1080 3203 1116 3268 of
1131 3203 1188 3268 the
1210 3203 1383 3288 privileges

314 3289 350 3353 of
364 3289 421 3353 the
438 3289 551 3364 Order,
565 3289 631 3354 and
647 3289 683 3354 of
697 3311 739 3354 no
755 3291 869 3370 effect;
891 3290 956 3354 and
972 3291 1113 3377 praying
1122 3290 1198 3356 that
1207 3290 1265 3356 the
1275 3289 1383 3375 Royel

316 3375 403 3441 Writ
417 3376 526 3462 might
540 3375 581 3441 be
596 3376 808 3441 withdrawn¹
822 3403 828 3441 :

221 3510 442 3598 Supplicem
453 3511 593 3578 aboatis
605 3511 644 3578 cie
658 3511 818 3590 Foede,—

291 3633 440 3697 Suppllcant
458 3633 536 3696 Regie
548 3633 701 3682 Excellencie
721 3637 748 3683 et
760 3633 869 3684 Consilio
887 3651 932 3684 suo
943 3635 1054 3686 Abbates
1074 3637 1175 3686 Ordinis
1195 3635 1380 3700 cysterciensis,

322 3699 454 3748 sioutaliss
465 3699 491 3746 in
501 3698 669 3748 Parliamento
678 3699 805 3748 Wintcnie
816 3705 873 3762 post
885 3701 988 3750 Festum
1001 3703 1086 3750 Sancti
1094 3700 1194 3750 Hillarii
1201 3701 1381 3765 supplicarunt,

322 3765 389 3827 quod
402 3779 460 3813 cum
478 3763 572 3812 eisdem
593 3779 609 3812 a
627 3763 738 3814 Summis
754 3765 919 3814 Pontificibus
935 3766 969 3814 sit
985 3767 1115 3816 indultum
1126 3767 1226 3830 nequis
1243 3766 1383 3828 Episcopus

320 3845 363 3878 seu
375 3829 424 3878 alia
434 3843 547 3892 persona,
559 3829 637 3877 mam
648 3829 746 3878 meone
757 3829 850 3892 delicti,
867 3835 1017 3892 contractus,
1033 3847 1076 3880 seu
1093 3831 1129 3880 rei
1140 3832 1172 3880 de
1187 3847 1238 3894 qua
1253 3831 1344 3894 agitur,
1355 3829 1382 3878 in

319 3894 384 3958 ipsos
393 3895 504 3944 habeant
514 3897 666 3956 potestatem
677 3909 863 3958 quamcumque
875 3895 1148 3946 Excommunicacionis
1159 3895 1316 3946 sentenciam
1326 3909 1381 3956 pro·

322 3959 452 4024 mulgendi
470 3973 517 4008 nec
532 3959 557 4006 in
571 3959 651 4006 causis
669 3961 832 4022 cognoscendi
843 3959 891 4008 nisi
907 3975 952 4022 pro
965 3959 1013 4009 lide
1024 3967 1134 4021 tantam,
1146 3963 1183 4020 ut,
1195 3961 1261 4008 sicut
1272 3959 1382 4021 ipserum

321 4025 463 4088 iurisdictio
487 4024 571 4086 quoad
594 4023 660 4086 ipsos
683 4025 817 4087 lteligiosos
840 4025 1002 4088 suspenditur
1023 4025 1049 4074 iu
1071 4025 1172 4074 brachio
1193 4023 1325 4088 spirituali,
1346 4024 1383 4070 its

317 4091 428 4154 ipsorum
439 4089 577 4140 auotoritas
588 4089 614 4137 in
623 4088 722 4138 brechio
731 4089 835 4140 seculari
844 4095 982 4152 enervetur,
992 4091 1108 4155 precipue
1119 4105 1178 4138 cum
1185 4089 1242 4139 talis
1251 4089 1384 4138 Sananda

545 4297 555 4332 ²
572 4298 675 4352 Oliver’s
686 4300 845 4364 Moaavtieoa,
858 4317 919 4366 page
936 4303 990 4353 349.
