3252 4984
310 383 384 460 330
547 411 624 464 rus
646 409 824 466 unorsrna
847 410 895 466 or
915 409 1057 466 sanor
1077 411 1222 478 corvrn

312 557 467 648 Glesney,
481 585 529 629 ees
544 563 689 642 Tremur,
705 565 832 631 Walter
851 565 911 644 de;
934 563 1019 630 li9l’.
1065 564 1148 650 [The
1169 565 1341 654 following
1363 567 1461 634 Ordi-

398 669 501 716 nance
511 651 547 716 oi
561 651 685 738 Bishop
695 651 809 732 Quivil
826 651 996 734 (Arabicus
1007 651 1047 736 of
1056 651 1106 717 tlte
1117 653 1215 719 Deon
1226 654 1301 720 ond
1311 655 1461 742 Ukaptm

400 733 462 801 No.
480 739 587 820 1006),
602 739 673 804 itis
689 737 724 804 of
743 737 841 804 much
856 739 995 804 interest
1009 738 1075 803 end
1090 739 1291 825 importenoe
1301 765 1353 805 :-

376 835 505 889 Univeraia
516 845 644 904 presentes
655 842 752 892 literas
762 841 911 906 inspecturis
923 842 1021 904 Petrus,
1032 842 1192 892 miseracione
1209 845 1301 894 Divina
1312 845 1460 895 Exonicnsis

408 901 553 966 Episcopus,
576 907 684 956 salutem
706 907 733 955 fn
755 907 864 956 Domino
880 907 1286 970 sempiternam-Planasiam
1307 910 1460 960 laudabilem

407 983 484 1030 quam
496 971 522 1018 in
533 975 589 1020 orto
606 971 654 1020 Dei
671 971 859 1036 Genetricisque
875 987 927 1032 sus,
940 987 1035 1021 necnon
1051 971 1151 1035 gloriosi
1169 973 1278 1024 liertiris
1293 980 1320 1024 et
1330 975 1459 1024 Pouuficis

407 1031 510 1094 Thome,
532 1036 600 1100 apud
624 1035 780 1100 Glasneyam,
802 1035 935 1098 inchoavit,
958 1041 986 1086 et
1012 1037 1084 1100 quasi
1110 1039 1302 1101 consummavit,
1329 1040 1459 1088 recolende

406 1099 525 1148 memorie
552 1099 707 1162 Wlalterns],
725 1101 885 1150 Pmdeceamr
906 1105 999 1163 noster,
1024 1101 1152 1164 cuplentes
1175 1104 1328 1153 successibus
1344 1105 1460 1154 fadeibus

408 1160 520 1226 irrigari,
538 1169 576 1225 ut,
589 1165 626 1214 Eo
642 1166 752 1215 donante
764 1167 813 1226 Qui
829 1165 861 1214 ad
878 1181 952 1215 omne
969 1182 1031 1229 opus
1048 1167 1142 1216 bonum
1159 1167 1341 1218 incr-amentum
1358 1169 1460 1227 tribuit,

408 1227 519 1289 proferat
534 1229 633 1280 fructus
655 1229 739 1292 bonos,
757 1230 912 1294 spiritualem
935 1231 1023 1289 eidem,
1043 1231 1118 1294 juxta
1139 1232 1254 1295 ejsudem
1276 1234 1459 1284 Predccesecria

408 1293 487 1342 nostri
499 1299 647 1358 conceptum
658 1295 717 1344 licet
728 1310 778 1344 uon
844 1299 929 1345 ectum
940 1297 1104 1359 propositum,
1113 1297 1273 1360 Propositum
1283 1299 1460 1362 deputandum

407 1356 534 1419 duximus,
547 1361 697 1419 ortolanum,
709 1361 791 1423 egrico
800 1375 849 1420 um,
861 1376 905 1410 seu
917 1361 1039 1421 colonum,
1053 1361 1214 1426 provisurum
1225 1368 1252 1412 et
1263 1369 1387 1424 acturum,
1398 1379 1459 1412 cum

408 1420 456 1470 Dei
477 1424 611 1487 adjutorio,
631 1439 663 1474 ne
681 1425 862 1488 plantacionem
881 1425 1029 1488 hujusmodi
1048 1425 1153 1489 dissipet
1171 1427 1211 1476 vel
1227 1433 1340 1477 conterat
1361 1429 1461 1477 novelle

407 1501 523 1550 propago,
530 1494 576 1538 aut
586 1494 767 1539 succrescentes
778 1489 879 1550 surculi,
891 1489 1077 1539 frondescentss
1084 1490 1111 1539 in
1121 1491 1238 1552 vetitum,
1248 1493 1458 1556 impedimentum

407 1553 585 1616 quodcumque
606 1559 720 1618 prestent
741 1554 836 1603 fructui
856 1553 1178 1617 memorato—Laudabile,
1202 1557 1288 1620 igitur,
1310 1557 1373 1606 dicti
1400 1558 1459 1606 Pro·

406 1615 539 1666 decessoris
556 1619 712 1682 propositum
725 1619 884 1668 laudabiliter
900 1619 1017 1682 prosequi
1033 1623 1182 1683 satagentes,
1193 1622 1378 1671 considerantes
1390 1623 1460 1686 quod

407 1679 517 1730 Ecclesia
535 1682 562 1732 in
583 1683 727 1746 supradicto
746 1683 800 1733 loco
821 1683 928 1733 fundata
947 1699 997 1732 non
1020 1685 1147 1734 modicum
1169 1685 1249 1736 distet
1269 1687 1302 1735 ab
1324 1687 1461 1736 Exoniensi

406 1744 522 1808 Ecclesia,
541 1763 632 1811 sponsa
649 1752 742 1809 nostra,
762 1749 795 1796 cb
814 1749 882 1812 quod
903 1748 1018 1811 regimini
1040 1753 1067 1798 et
1089 1750 1236 1800 oorreccioni
1254 1751 1333 1814 ipsius
1355 1752 1408 1800 Nos
1430 1757 1458 1802 et

405 1808 563 1860 Successoree
581 1813 662 1861 nostri
683 1813 846 1876 personaliter
867 1813 951 1862 minus
973 1829 1106 1876 possumus
1133 1816 1327 1878 providere—de
1353 1832 1456 1866 assensu

406 1873 516 1938 Capituli
528 1877 606 1926 nostri
620 1877 957 1941 Exoniensis-Prepositum
969 1877 1003 1926 ibi
1018 1883 1140 1942 perpetuo
1150 1879 1270 1930 duximus
1281 1881 1457 1942 ordinandum,

405 1939 450 2000 qui
461 1955 506 2002 per
517 1941 569 1990 Nos
580 1946 607 1990 et
617 1943 775 1992 successores
786 1947 884 1991 nostroe
900 1943 1065 2004 proiciendus
1081 1943 1107 1992 in
1119 1945 1173 2007 ipse
1185 1945 1301 2006 Ecclesia,
1312 1947 1456 2009 juramenta

405 2003 523 2054 atnam
539 2006 698 2070 corporaliter
716 2007 828 2071 prestito,
840 2008 867 2056 in
887 2007 981 2057 Ordine
997 2007 1136 2058 Sacerdocii
1155 2010 1316 2072 muetitutus,
1333 2027 1378 2074 per
1393 2011 1457 2060 duas

404 2073 488 2181 mites
510 2071 577 2132 anni,
597 2072 716 2120 continue
737 2071 777 2121 vel
799 2072 977 2136 interpolatim,
1000 2072 1163 2122 residcnciam
1184 2074 1261 2124 faciat
1313 2075 1456 2136 rsonalsn;

437 2133 538 2184 bitume
548 2141 575 2184 et
585 2136 754 2185 excercitnrus
765 2136 791 2186 in
802 2134 898 2185 omnce¹
917 2137 1053 2186 Canonicos
1069 2141 1096 2186 et
1112 2137 1220 2188 Clarium
1237 2141 1287 2189 Eae
1297 2140 1346 2190 csie
1362 2156 1456 2190 memo·

405 2203 459 2248 rate
480 2199 681 2262 jurisdiceionem
709 2207 736 2250 et
758 2201 806 2250 alia
827 2217 877 2264 que
898 2202 931 2250 sd
952 2202 1130 2251 corrsccionem
1152 2219 1252 2252 morum
1274 2205 1408 2268 pertinent,
1431 2211 1458 2254 et

405 2263 516 2326 regimen
543 2265 691 2326 enimenim,
711 2274 787 2329 prout
814 2266 890 2315 habet
914 2266 941 2316 in
964 2265 1102 2316 Ganonicoe
1127 2272 1153 2317 et
1177 2268 1284 2318 Olericoe
1308 2270 1456 2319 Exoniensie

407 2327 515 2379 Ecclesie
532 2330 647 2380 Decanus
663 2331 785 2393 ejusdem,
801 2335 832 2379 ut
848 2331 923 2393 juxta
937 2331 1109 2394 possibilitatis
1125 2348 1170 2382 sue
1187 2333 1321 2383 modulum
1336 2340 1458 2398 sequatur

406 2391 470 2442 Filia
493 2392 602 2444 Matrem
623 2410 716 2454 suam;
744 2395 875 2458 presertim
897 2411 955 2444 cum
977 2396 1118 2459 sepedictus
1146 2397 1307 2448 Predecsssor
1327 2399 1354 2448 in
1376 2399 1457 2462 prima

406 2456 556 2508 fundacione
577 2459 655 2523 ipsius
677 2459 786 2509 Ecclesie
807 2461 839 2508 de
861 2460 986 2524 Glsensya
1001 2461 1036 2510 aic
1058 2461 1161 2511 duxerit
1176 2463 1362 2524 ordinandum
1378 2465 1457 2514 medi-

406 2525 497 2598 tantes,
515 2529 609 2586 autem,
629 2524 771 2602 profundis
795 2539 827 2573 ne
844 2529 982 2602 memorata
1001 2525 1129 2602 Plantacio
1151 2527 1177 2576 in
1202 2529 1249 2577 hac
1270 2543 1316 2578 sua
1337 2529 1456 2590 novitate,

405 2589 1459 2718 {tendunt,tllttllnnfltfflttlplelnllltellite

406 2720 482 2766 tetur.
518 2718 686 2768 consideratis
698 2717 800 2767 Domini
812 2718 932 2768 Willelml
949 2720 980 2767 dc
997 2719 1121 2783 Bodrigan
1138 2721 1222 2783 quoad
1237 2737 1316 2785 genus
1327 2723 1458 2772 nobilitate

407 2787 434 2830 ct
445 2783 580 2832 amicorum
593 2784 714 2846 potencie,
726 2787 760 2844 et,
779 2783 847 2846 quod
863 2784 945 2846 majus
961 2788 1007 2843 eat,
1019 2786 1207 2834 conversacione
1223 2787 1350 2850 laudabili,
1361 2803 1458 2838 necnon

406 2861 505 2896 morum
525 2849 650 2911 probitate
673 2848 832 2908 multimoda,
855 2848 938 2910 ipsum
955 2849 981 2898 in
999 2849 1158 2912 Preposftum
1180 2851 1329 2915 prefecimus
1349 2853 1458 2903 Ecclesie

406 2917 562 2972 memorate;
588 2913 743 2976 assignantes
760 2913 841 2961 eidem
858 2913 883 2960 in
909 2919 995 2963 nostre
1015 2929 1121 2976 persone
1139 2917 1238 2978 pmpria
1259 2917 1410 2980 principalia,
1429 2918 1457 2968 in

407 2975 490 3026 Charo
507 2977 618 3036 stallum,
630 2984 657 3027 et
674 2977 700 3026 in
717 2977 834 3040 Capitulo
852 2978 992 3028 sessionem
1034 2979 1069 3027 Et
1085 2980 1212 3042 quoniam,
1223 2986 1255 3030 ut
1270 2983 1392 3045 scriptum
1408 2989 1454 3042 est

407 3055 434 3089 ce
446 3041 503 3090 bovi
519 3043 650 3092 trituranti
667 3042 811 3091 nullatenus
827 3047 867 3091 est
883 3043 1044 3105 alligandum,
1055 3048 1082 3092 et
1098 3045 1121 3093 ei
1137 3045 1273 3095 tribuenda
1288 3047 1377 3096 merito
1393 3053 1457 3097 sunt

407 3107 553 3170 temporalia
569 3107 614 3170 qui
630 3107 768 3170 spiritualia
789 3107 903 3168 seminat,
920 3108 1031 3170 predicto
1053 3108 1186 3171 Willelmo,
1204 3111 1340 3174 Prepesitc,
1357 3116 1384 3161 et
1400 3127 1455 3162 suc·

407 3171 545 3221 caesoribus
561 3172 620 3232 auis,
640 3187 668 3221 ec
685 3171 844 3234 Prepoeiturc
861 3172 994 3232 antedicta,
1007 3171 1141 3222 Ecclesim
1162 3174 1248 3224 Sancti
1264 3176 1346 3238 Probi,
1364 3192 1413 3240 que
1424 3193 1456 3227 ex

407 3235 543 3285 donacione
554 3241 639 3286 nostre
650 3235 743 3296 existit,
753 3237 876 3300 cujusque
885 3238 975 3286 Rectcr
983 3238 1104 3300 quasdam
1114 3239 1245 3290 Porcionea
1253 3241 1330 3304 ipsius
1339 3241 1456 3304 Ecclesia,

407 3299 549 3351 Prebendas
566 3312 672 3362 vocatas,
690 3301 803 3350 conferre
822 3302 924 3363 solebat,
938 3315 997 3350 cum
1013 3301 1149 3352 Prehendis
1168 3305 1235 3368 ipsis,
1250 3321 1327 3369 qnam
1345 3306 1457 3370 primum

406 3367 554 3427 vocaverint,
576 3367 743 3430 omnibusque
757 3366 811 3415 aliis
832 3365 911 3429 ipsius
930 3365 1039 3416 Eccleaie
1060 3369 1224 3430 proventibus
1242 3377 1270 3420 et
1288 3371 1456 3434 pertinenciis,

404 3445 456 3479 uua
471 3445 530 3480 cum
546 3431 663 3480 domibus
685 3445 748 3494 quas
772 3430 922 3480 inhabitavit
943 3431 1067 3480 Dominus
1089 3433 1201 3496 Rogenrs
1222 3436 1254 3484 de
1275 3436 1367 3486 Sancto
1390 3437 1457 3486 Con·

404 3495 524 3558 stantino,
535 3495 670 3560 aliquando
687 3495 828 3546 canonicus
844 3495 952 3545 Ecclesia
968 3497 1000 3545 de
1017 3496 1141 3560 Glasneya
1157 3500 1304 3562 supradicte,
1322 3515 1456 3564 quousque

403 3559 517 3610 meliores
543 3565 571 3610 et
596 3562 705 3624 apeiores
726 3561 814 3610 domos
842 3559 1003 3624 prebendales
1023 3561 1118 3612 ibidem
1139 3565 1282 3614 vocaverint
1302 3581 1364 3629 quas
1385 3565 1455 3615 idem

404 3624 549 3688 Pnepositus
573 3625 674 3674 duxerit
693 3625 992 3689 acceptandus-excepta
1018 3625 1123 3688 Vicaria,
1143 3643 1220 3692 quam
1241 3629 1268 3678 in
1289 3629 1455 3694 inb-asciptis

404 3689 567 3740 Porcionibus
588 3691 722 3740 consistere
743 3690 1014 3754 volumus-perpetuo
1029 3691 1149 3742 duximus
1168 3694 1358 3745 adnectendam.
1393 3695 1453 3746 Vol·

403 3768 486 3816 umus,
506 3759 599 3815 autem,
616 3755 739 3805 vicariam
761 3755 899 3818 predictam
920 3755 1053 3807 comiatere
1074 3756 1101 3806 in
1128 3761 1183 3808 toto
1210 3759 1325 3824 eltalagio
1341 3759 1454 3810 distr-icis

405 3819 514 3869 Ecclesia
534 3820 645 3884 predicte
660 3825 687 3870 et
709 3820 866 3883 Oapellsrum
882 3819 1005 3883 ejusdem,
1029 3835 1058 3870 ec
1080 3822 1159 3872 eciam
1183 3823 1377 3886 habendarum,
1393 3841 1455 3876 cum

404 3898 446 3933 eas
463 3899 551 3934 vacare
566 3885 718 3948 contigerit:
736 3884 846 3946 habebit,
863 3885 948 3946 eciam,
966 3886 1033 3935 idem
1050 3885 1163 3937 Vicariue
1181 3889 1293 3950 domum,
1311 3904 1371 3939 cum
1386 3895 1456 3941 terra

404 3948 437 3997 ed
454 3951 560 4000 eandem
569 3949 725 4063 {pertinente
737 3964 813 4012 quam
830 3949 940 4012 primum
951 3949 1100 4013 vacaverint,
1112 3965 1163 4014 que
1178 3968 1246 4002 nunc
1261 3959 1323 4004 aunt
1339 3955 1455 4020 Magistri

406 4013 432 4062 N
432 4013 521 4064 icholai
529 4015 561 4063 de
590 4019 706 4078 syntone,
715 4019 743 4063 et
750 4029 800 4078 que
806 4015 881 4064 locari
891 4019 1071 4066 consueverant
1081 4017 1282 4067 convencioncrie
1289 4035 1335 4083 pro
1343 4025 1455 4083 quatuor

406 4078 492 4128 solidis
515 4080 664 4129 annuatim:
691 4078 800 4142 habebit,
826 4079 936 4142 insuper,
958 4095 1118 4131 communem
1134 4087 1236 4146 pastore
1251 4083 1278 4133 in
1300 4089 1372 4134 vasto
1388 4085 1455 4136 Villa

310 4265 393 4321 ¹'1'he
414 4273 483 4324 word
506 4270 631 4337 “ipsius’‘
653 4272 698 4324 bas
720 4272 783 4324 been
804 4271 1004 4325 cancelledafter
1021 4273 1153 4327 “omnes’'
