3298 4984
283 367 327 436 88
514 386 655 439 BISHOP
674 367 982 441 BRONESCOMBE'S
999 388 1196 441 REGISTER.

281 542 386 608 Fordc
402 543 748 628 Abbey-continucd.

378 664 447 713 nulla
456 664 489 711 sit
500 664 553 726 ipso
565 665 628 727 jure,
641 670 667 714 et
683 666 747 713 solas
758 665 840 728 justas
852 671 877 714 et
890 682 938 714 non
951 667 1048 730 iniquas
1066 664 1209 714 Sentencias
1221 657 1338 722 consequi
1349 655 1440 733 debeat

378 729 489 777 cohereio
522 730 596 792 Regie
626 731 771 792 Majestotis
825 732 906 790 Unda,
935 747 993 780 cum
1028 728 1181 780 Venerabilis
1209 729 1292 786 Potor,
1315 725 1440 772 Domuum

378 795 511 854 walterus,
519 795 667 842 Exoniensis
679 795 823 857 Episcopus,
832 796 855 843 in
869 795 1033 844 Abbatemdc
1041 796 1128 848 Fordc.
1140 801 1166 842 et
1173 792 1295 856 quosdam
1306 785 1441 863 monachos

378 875 436 906 suos
445 876 473 906 ac
481 860 616 907 servientes
624 875 716 918 eorum,
722 861 866 908 Sentencias
872 861 1152 920 lincommunieaeionis,
1159 871 1245 907 contra
1252 855 1380 919 privilegia
1386 866 1438 925 sua,

377 924 473 986 injuste
492 925 693 986 promulgaverit,
713 930 739 972 et
756 925 897 986 capeiouem
918 926 1020 988 Regiam
1037 931 1125 973 contra
1146 924 1246 972 eosdem
1264 921 1440 984 procuraverit,

378 989 470 1037 dietam
483 989 624 1051 oapciouern
637 990 852 1052 qualitercumque
864 1006 1004 1039 concessam
1016 990 1145 1038 humiliter
1156 991 1248 1050 petunt
1260 983 1373 1033 revocari.

347 1054 420 1114 Item,
431 1070 487 1102 cum
500 1058 652 1101 memoratus
665 1055 787 1102 Dominus
800 1055 937 1118 Episcopus
949 1071 1035 1103 omnes
1043 1059 1213 1117 procuratores
1225 1055 1251 1100 et
1262 1053 1402 1098 stromateo
1413 1060 1442 1092 ue

380 1119 517 1167 servientes
537 1119 648 1181 ipsorum
674 1119 780 1167 Abbatis
803 1126 829 1167 et
853 1121 999 1169 Conventus
1021 1121 1053 1168 de
1076 1119 1163 1178 Forde,
1186 1133 1215 1166 ae
1237 1131 1323 1165 omnes
1345 1116 1439 1161 meten·

379 1189 417 1232 tes
440 1189 535 1244 segetes
562 1199 619 1232 arias
645 1184 670 1231 in
698 1189 846 1246 autumpno,
876 1190 903 1232 et
930 1200 1016 1233 omnes
1048 1185 1157 1232 colentes
1185 1188 1264 1231 terras
1292 1193 1385 1236 eorum,
1414 1181 1441 1250 et

380 1249 502 1296 molentes
520 1249 546 1296 iu
567 1248 716 1296 molendinis
744 1249 862 1310 ipsorum,
883 1266 927 1312 por
949 1266 975 1297 se
998 1255 1024 1298 at
1047 1249 1168 1297 Officiales
1185 1263 1244 1295 suos
1272 1255 1441 1293 excommnni-

380 1313 479 1372 caverit,
493 1318 519 1361 et
535 1314 566 1360 de
583 1313 623 1360 die
640 1313 665 1361 in
683 1314 750 1360 diem
767 1315 973 1372 excommunicet,
993 1314 1179 1376 propterquod
1197 1309 1302 1375 predicti
1320 1307 1403 1356 rlbbas
1415 1309 1443 1352 et

380 1379 525 1428 Conventus
537 1377 636 1426 nullum
648 1379 781 1427 inveniunt
792 1379 836 1440 qui
852 1395 928 1427 ausus
940 1381 973 1428 sit
990 1396 1030 1428 eos
1042 1379 1174 1428 defendere
1183 1378 1210 1426 in
1222 1377 1275 1424 iero
1287 1372 1390 1446 seculari
1402 1370 1439 1417 rol

378 1443 549 1502 ecclesiastice,
561 1443 669 1491 maxime
681 1443 707 1490 in
720 1443 816 1491 Dioeesi
829 1445 963 1492 Exoniensi
976 1459 982 1498 ς
1000 1445 1068 1493 unde
1081 1459 1183 1506 magnas
1199 1442 1225 1490 in
1246 1437 1441 1511 possessionibus

379 1514 405 1556 et
416 1508 491 1556 rebus
502 1509 554 1556 suis
565 1507 670 1570 injurias
682 1507 816 1570 paciuntur
826 1510 935 1571 (lempna
946 1514 973 1557 et
983 1509 1100 1571 jacturas,
1113 1513 1139 1556 et
1150 1507 1198 1556 nisi
1215 1505 1290 1555 cicius
1301 1502 1440 1552 remedium

378 1573 528 1621 adhibeatur
549 1572 670 1620 maximas
687 1573 783 1634 passuri
800 1574 904 1622 suntin
922 1573 1059 1634 futurum,
1076 1573 1141 1636 petit
1157 1571 1284 1636 predictus
1301 1568 1384 1616 abac
1396 1581 1441 1627 per

378 1637 516 1686 Dominum
529 1638 622 1699 Regem
635 1643 661 1685 et
680 1637 736 1699 ejus
749 1638 890 1686 Consilium
908 1639 1046 1686 remedium
1063 1654 1139 1702 super
1155 1637 1203 1685 hiis
1219 1633 1340 1684 adhiberi.
1353 1648 1384 1679 ns
1397 1645 1440 1692 per

376 1702 524 1765 hujusmodi
533 1701 805 1750 Excommunicacionie
816 1704 973 1751 Sentenciam
985 1704 1053 1766 justa
1062 1703 1205 1751 defensione
1216 1701 1279 1763 juris
1291 1699 1330 1747 sui
1342 1696 1439 1770 deintu-

376 1768 476 1827 dentur,
489 1767 528 1814 vel
541 1771 606 1814 terre
617 1781 704 1814 eorum
720 1773 866 1816 remaneant
882 1768 977 1816 inculte
994 1770 1020 1816 et
1030 1767 1079 1830 ipsi
1095 1766 1211 1828 Religioni
1223 1762 1359 1814 necessum
1371 1764 1438 1808 rictu

377 1849 422 1880 suo
439 1835 545 1879 careant.
596 1831 654 1879 Non
671 1831 738 1879 enim
754 1831 822 1879 aliud
841 1833 951 1882 intendit
968 1833 1091 1882 Dominus
1108 1833 1245 1894 Episcopus
1262 1829 1396 1891 predictus,
1410 1828 1441 1871 ut

377 1898 485 1954 videtur,
500 1896 548 1944 uisi
556 1900 592 2012 ut7
597 1896 677 1944 dictos
690 1897 824 1959 Religiosos
835 1897 937 1948 omuino
948 1898 1087 1946 contundat
1095 1901 1121 1946 et
1129 1897 1223 1946 Locum
1232 1909 1319 1944 corum
1326 1893 1441 1940 destruat

377 1967 403 2010 et
414 1962 562 2022 subvertat;
596 1962 617 2010 6.

345 2026 538 2077 Memomudum
556 2026 631 2088 quod,
649 2041 707 2074 cum
731 2026 797 2075 inter
817 2027 990 2076 venerabilem
1008 2028 1117 2088 Patrem,
1136 2025 1274 2076 Dominum
1292 2021 1439 2080 Waltcrum,

377 2092 425 2140 Dei
446 2091 528 2154 gracia
545 2091 713 2140 Exoniensem
737 2093 896 2155 Episcopum,
920 2109 951 2141 ex
981 2097 1052 2156 parte
1078 2109 1136 2152 una,
1159 2096 1186 2140 et
1208 2091 1343 2153 Religiosos
1366 2087 1438 2144 siros,

376 2155 538 2217 Willelmum‚
552 2156 678 2204 Abbatem
695 2157 726 2204 de
744 2157 824 2205 Forde
841 2163 867 2206 et
884 2157 998 2221 ejusdem
1012 2158 1070 2206 Loci
1082 2158 1249 2216 Contentum,
1262 2152 1439 2218 cysterciensis

377 2221 485 2282 Ordinis,
498 2220 645 2270 Exoniensis
656 2221 774 2280 Dioeeais,
786 2237 817 2270 ex
829 2223 914 2283 altera,
927 2238 1001 2285 super
1019 2223 1093 2271 variis
1105 2227 1132 2270 et
1152 2221 1256 2270 diversis
1267 2217 1390 2281 dampnis,
1402 2217 1439 2264 in-

376 2286 456 2350 juriis,
468 2291 495 2334 et
505 2285 698 2348 gravaminibus,
710 2287 880 2346 contumaciis,
888 2293 915 2335 et
926 2287 1143 2350 offensispredieto
1155 2285 1298 2335 Venerabili
1311 2280 1400 2344 [Patri]
1413 2285 1440 2328 et

378 2351 486 2400 Ecclesie
502 2367 602 2413 suaper
619 2355 770 2400 memoratos
789 2351 924 2414 Religiosos
941 2351 1115 2415 multipliciter
1134 2351 1218 2411 illatis,
1231 2350 1333 2398 suborta
1350 2347 1440 2395 inisset

376 2417 480 2465 materia
490 2415 635 2479 questionis,
647 2417 750 2464 madens
761 2416 855 2464 eisdem
867 2417 990 2476 Partibus,
1003 2417 1034 2465 ad
1046 2416 1194 2465 instanciam
1205 2421 1231 2463 et
1239 2413 1439 2478 procuracionem

378 2481 504 2529 dictorum
524 2480 704 2542 Religiosorum
726 2481 753 2529 in
773 2481 899 2544 presencia
920 2481 1022 2529 Domini
1050 2479 1175 2542 Edwardi,
1199 2480 1248 2528 Dei
1266 2479 1348 2542 gracia
1368 2476 1441 2538 Regia

377 2547 467 2608 Anglie
483 2545 596 2606 illustris,
616 2545 769 2605 constitutis,
792 2545 859 2594 idem
881 2546 1005 2594 Dominus
1020 2547 1081 2606 Rex,
1101 2546 1154 2594 litis
1171 2545 1290 2594 affectans
1309 2546 1440 2605 amputare

377 2612 516 2670 materiam,
540 2615 571 2658 ut
590 2611 726 2659 earundem
744 2610 859 2659 Pareium
883 2611 1010 2659 laboribus
1033 2611 1126 2674 pariter
1143 2615 1259 2674 parcatur
1276 2614 1302 2658 et
1319 2605 1439 2669 expensis,

377 2677 560 2738 advertensque
576 2673 723 2738 hujusmodi
740 2675 897 2738 questionem
916 2677 948 2724 ad
960 2676 1043 2724 iorum
1056 2676 1258 2724 Ecclesiasticum
1270 2674 1400 2737 pertinere,
1413 2675 1440 2719 ct

378 2757 422 2804 per
430 2741 496 2790 viros
508 2739 692 2788 Ecclesiasticus
703 2740 805 2788 tractari
816 2741 906 2790 debere
918 2746 944 2789 et
955 2741 1090 2801 terminari,
1100 2742 1187 2789 Partes
1199 2741 1297 2788 easdem
1306 2737 1402 2800 rogarit
1413 2740 1441 2784 et

378 2805 480 2854 induxit
500 2809 532 2854 ut
542 2806 573 2853 de
590 2820 650 2867 pace
666 2805 732 2853 inter
749 2805 847 2854 eosdem
865 2806 1027 2854 amicabiliter
1043 2811 1200 2854 tractaretur.
1235 2805 1333 2864 Quibus
1349 2803 1375 2850 in
1393 2801 1439 2849 hoe

379 2869 601 2929 consencientibus,
620 2870 758 2918 dummodo
781 2871 826 2918 riri
848 2871 1013 2920 Ecclesiastici
1036 2876 1119 2919 essent
1143 2871 1187 2932 qui
1209 2871 1240 2918 de
1263 2867 1441 2931 Spirituulibus

378 2941 484 2984 tractare
495 2939 597 2997 possent
616 2939 643 2982 et
662 2935 760 2994 seirent,
773 2935 855 2983 dictus
867 2934 993 2984 Dominus
1004 2937 1058 2984 Rex
1077 2936 1197 2984 discretos
1214 2935 1279 2982 viros
1291 2931 1441 2994 Magistrum

377 3001 517 3048 Walterum
529 2999 633 3060 Seamel,
648 3001 776 3047 Decanum
789 3001 1009 3048 Sanisburienscm
1022 3005 1048 3048 et
1069 3001 1218 3062 Magistrum
1230 2999 1352 3047 Thomam
1364 2995 1438 3054 Belrc,

377 3065 587 3115 Archidiaoonum
596 3064 734 3124 Dorshctie‚
744 3065 759 3112 J
762 3065 812 3112 airis
822 3065 906 3114 Civilis
916 3071 942 3113 ct
955 3065 1071 3114 Canoniei
1084 3065 1242 3122 Professores,
1254 3063 1347 3111 eisdem
1357 3061 1439 3109 Parti·

377 3131 426 3179 bus
446 3131 478 3178 ud
492 3130 653 3178 tractandum
665 3130 696 3176 de
713 3145 772 3190 pace
783 3131 932 3178 mediatores
947 3130 1104 3178 nominarit:
1121 3130 1190 3193 quod
1207 3128 1301 3192 placuit
1315 3127 1440 3184 Partibus,

378 3203 404 3245 et
415 3197 441 3244 in
453 3211 494 3244 eos
506 3199 626 3256 tanquam
639 3195 663 3242 in
676 3195 742 3256 pacis
754 3195 902 3242 mediatores
920 3211 1033 3257 expresse
1053 3199 1239 3243 consenserunt.
1275 3191 1365 3241 Coram
1385 3190 1440 3254 qui·

376 3263 431 3322 bus,
449 3261 517 3322 apud
544 3257 802 3318 ll'estmonasterium,
814 3259 930 3306 vicesimo
946 3260 1055 3308 secundo
1072 3260 1112 3308 die
1130 3259 1250 3319 Octobris,
1263 3259 1337 3306 Anno
1354 3258 1442 3306 Gracia

380 3329 426 3376 Mc.
447 3327 507 3376 CC0.
527 3324 590 3373 us0.
613 3329 691 3384 sexto,
705 3323 837 3385 propositis
858 3323 958 3385 juribus
977 3324 1117 3373 melonibus
1130 3329 1156 3374 et
1177 3321 1368 3387 allegacionibns
1381 3323 1440 3372 hinc

379 3398 405 3440 et
417 3392 475 3440 inde
487 3395 513 3438 et
530 3389 629 3452 plenius
640 3389 780 3447 intellectis,
793 3389 938 3452 meritisque
950 3389 1007 3437 hinc
1019 3391 1077 3437 inde
1089 3391 1272 3452 propositorum
1288 3389 1441 3451 ponderatis,

378 3459 445 3505 idem
458 3456 549 3515 Abbas,
562 3453 662 3502 nomine
673 3469 718 3501 suo
730 3459 756 3500 ct
768 3454 912 3502 Conventus
924 3454 963 3502 sui
974 3455 1102 3513 antedicti,
1114 3471 1158 3518 pro
1171 3455 1286 3517 dampnis
1303 3453 1402 3517 injuriis
1413 3459 1440 3502 et

380 3520 572 3584 gravaminibus,
585 3518 747 3567 contumaciis
759 3518 851 3577 pariter
860 3523 886 3567 et
894 3519 1000 3578 offensis,
1011 3521 1106 3581 prelato
1116 3521 1237 3582 Episcopo
1244 3525 1270 3568 et
1278 3519 1385 3568 Ecclesie
1396 3535 1442 3568 aare

380 3603 425 3650 per
442 3586 541 3633 eosdem
563 3584 647 3642 illatis,
666 3583 817 3646 quingentas
836 3583 911 3632 libras
927 3584 1111 3646 sterlingorum,
1128 3585 1153 3632 in
1172 3585 1299 3647 presencia
1315 3585 1441 3633 dictorum

382 3651 549 3700 mediatorum
567 3653 594 3696 et
612 3649 717 3697 aliorum
739 3648 887 3707 marltorurm
899 3649 995 3712 prefato
1013 3664 1059 3696 suo
1077 3649 1206 3712 Episcopo,
1222 3653 1311 3713 sponte
1328 3654 1353 3698 et
1370 3649 1441 3698 nullo

381 3720 485 3778 cogente
496 3714 607 3777 imperio,
619 3714 720 3762 nomine
729 3715 841 3772 emenda,
854 3714 880 3762 in
892 3729 981 3762 manus
992 3713 1054 3762 dicti
1065 3713 1166 3764 Domini
1179 3714 1295 3778 Episcopi
1312 3714 1422 3763 radiarit
1434 3729 1441 3774 ;

380 3779 530 3842 promittens
547 3794 574 3827 se
584 3780 616 3826 ad
633 3779 830 3828 moderaciencm
847 3778 972 3827 dictorum
988 3779 1082 3827 Dceani
1099 3784 1125 3828 et
1141 3779 1321 3840 Archidiaccni,
1333 3779 1441 3828 termino

380 3850 426 3894 aut
437 3845 550 3893 terminis
562 3843 609 3891 sibi
621 3859 664 3906 per
675 3844 775 3892 eosdem
786 3842 941 3906 prefigendis,
953 3844 1019 3906 ipsas
1030 3845 1181 3907 quingentas
1197 3844 1280 3906 libras,
1297 3845 1323 3893 in
1335 3849 1389 3894 toto
1400 3845 1440 3893 rel

381 3911 407 3958 in
420 3915 497 3972 parte,
509 3913 635 3971 quatenus
646 3909 692 3971 ipsi
700 3925 775 3972 super
786 3909 871 3957 hoead
883 3909 1002 3956 honorem
1014 3909 1062 3957 Dei
1073 3914 1099 3958 et
1108 3909 1216 3958 Ecclesie
1227 3909 1347 3958 duxerint
1357 3909 1441 3957 mode·

380 3975 478 4034 randas,
490 3975 583 4022 dictam
601 3989 726 4022 summam
747 3974 869 4035 augendo,
892 3973 932 4021 vel
954 3973 1125 4022 subtrahendo
1142 3974 1175 4023 ab
1196 3975 1291 4034 ecdem,
1308 3973 1373 4023 bona
1392 3973 1442 4022 fide

382 4040 533 4088 soluturum.
562 4038 638 4098 Dieti,
650 4054 716 4099 vero,
728 4039 876 4086 mediatores
888 4039 918 4086 ad
928 4039 1126 4088 moderaciencm
1137 4055 1208 4088 suam
1219 4038 1441 4103 pronunciandam,

381 4105 448 4152 diem
460 4103 604 4163 crastinum,
616 4103 728 4165 locoque
740 4103 817 4166 prius,
835 4103 908 4152 dictis
918 4103 1035 4152 Partibus
1046 4105 1210 4168 assignarunt
1245 4105 1350 4165 Quibus,
1366 4103 1442 4153 dietis

381 4169 422 4218 die
433 4173 460 4217 et
476 4169 536 4228 loco,
548 4183 631 4216 coram
650 4168 744 4216 eisdem
760 4169 967 4231 comparentibus,
980 4169 1178 4219 moderaciencm
1195 4183 1267 4218 suam
1279 4167 1442 4232 pronunciare

381 4233 541 4295 distulerunt,
556 4233 615 4286 licet
633 4249 648 4284 a
667 4233 779 4298 predicto
795 4233 917 4298 Episwpo
934 4234 1057 4286 metantes
1075 4235 1107 4285 ad
1126 4234 1153 4286 id
1172 4235 1315 4287 sedendum
1333 4233 1443 4286 iubant
