3322 4982
309 349 380 424 198
552 372 686 428 aanor
702 351 1004 430 aaonnsoouaa's
1021 371 1215 428 asemona

308 525 750 597 Iauncoston—oontinued.

406 631 541 696 Geyuaqel
558 639 585 683 st
600 635 718 684 omnibns
734 634 788 684 aliis
804 635 1034 686 consuctudinibus.
1068 633 1249 692 concessimus,
1261 630 1346 688 eciam,
1355 627 1416 692 ipsis
1434 631 1463 676 ct

405 697 605 760 heredibussuis,
632 699 1121 762 ronobisetheredibusnostris,hnbere
1130 699 1277 748 eleccionem
1286 691 1460 768 dePreposiiis

405 761 464 823 suis,
476 715 662 827 struponiirs
673 765 704 813 de
716 765 788 814 firma
799 765 877 828 ipsius
894 765 978 828 Burgi,
990 765 1023 814 cd
1042 765 1137 814 Pascha
1157 769 1184 812 ct
1202 763 1235 812 sd
1253 761 1362 834 Festum·
1374 759 1461 806 Sancta

405 827 541 886 Michaelis,
557 829 697 889 annuatim,
717 829 789 878 nobis
805 830 845 879 rel
863 829 965 879 Balliris
984 829 1084 890 nostris,
1107 828 1202 878 scilicet
1220 827 1252 876 de
1271 826 1297 876 G.
1317 823 1411 882 sohdis‚
1433 826 1461 870 et

406 891 532 941 Prioratui
551 893 637 943 Sancti
649 894 770 958 Stephani
781 895 813 943 de
825 895 1010 944 lanscerstone
1021 894 1052 942 ds
1063 893 1192 957 sexaginta
1202 892 1315 955 quinque
1331 887 1418 964 solidis
1433 892 1460 934 et

406 956 491 1006 decem
500 958 615 1020 denariis,
624 963 651 1007 et
660 959 773 1022 leprosis
785 959 871 1009 Sancti
878 959 1000 1008 leonardi
1011 959 1043 1008 de
1052 959 1237 1008 lansoevstone
1249 957 1281 1004 de
1291 955 1317 1003 Ο.
1327 953 1419 1012 sohdra
1428 951 1461 1000 dc

406 1021 541 1072 elemosina
552 1028 647 1072 nostra:
664 1024 707 1084 ita,
719 1028 812 1084 tamen,
824 1023 892 1086 quod
909 1025 930 1072 si
942 1023 1064 1088 Prepesiti
1076 1039 1120 1086 per
1130 1037 1172 1071 eos
1183 1021 1256 1071 electi
1272 1019 1298 1067 in
1316 1019 1399 1081 aliquo
1410 1015 1460 1065 evi·

406 1085 496 1135 denter
504 1087 657 1150 deliquerint
668 1089 707 1136 vel
719 1089 923 1152 presumpserint,
935 1089 982 1137 hoc
993 1089 1077 1152 ipsum
1088 1087 1228 1136 secundum
1241 1085 1360 1134 delictum
1368 1089 1394 1131 ct
1404 1097 1459 1157 pre·

406 1151 578 1215 snmpcionem
587 1153 656 1202 illam
665 1153 842 1202 emendabunt
862 1153 1043 1213 concessimus,
1052 1153 1139 1212 sobna,
1151 1151 1211 1215 ipsis
1222 1155 1249 1199 ct
1257 1147 1392 1198 heredibus
1400 1161 1459 1204 suis,

406 1231 453 1279 pro
469 1217 540 1266 nobis
557 1222 584 1266 et
600 1218 781 1267 successoribus
798 1218 899 1280 nostris,
917 1219 985 1282 quod
1002 1233 1053 1266 non
1069 1217 1191 1281 placitent
1204 1215 1253 1264 nisi
1268 1214 1335 1264 infra
1346 1213 1459 1274 Burgum

406 1297 483 1330 suurn
499 1283 700 1344 prenominatum
712 1283 744 1332 de
755 1283 852 1346 placitis
864 1283 903 1332 vel
914 1283 989 1332 rebus
1005 1282 1207 1346 quibuscumque
1224 1277 1409 1352 pertinentibua
1425 1275 1459 1324 ad

407 1347 520 1409 Burgum
539 1363 621 1409 suum,
640 1347 687 1396 nisi
705 1348 737 1396 de
757 1348 854 1411 placitis
870 1349 902 1397 ad
919 1347 1042 1398 Coronam
1060 1346 1161 1396 Domini
1178 1343 1251 1408 Regis
1266 1340 1457 1416 pertinentibus

407 1411 588 1471 Concessimus,
606 1413 691 1471 eciam,
701 1413 761 1476 ipsis
777 1418 804 1462 ct
820 1413 953 1461 heredibus
964 1413 1023 1472 suis,
1036 1427 1080 1475 pro
1092 1411 1163 1460 nobie
1174 1415 1201 1458 et
1212 1408 1345 1458 heredibus
1356 1409 1457 1462 nostris,

405 1475 496 1526 habere
508 1481 564 1525 octo
576 1477 717 1526 Comitatus
729 1492 878 1540 perannum
890 1478 916 1526 in
928 1477 1012 1539 burgo
1022 1481 1108 1526 nostro
1124 1475 1304 1539 prenominato,
1315 1470 1456 1533 incipiendo

405 1555 420 1588 a
432 1541 544 1603 proximo
557 1542 685 1591 comitatu
697 1548 754 1605 post
761 1543 882 1592 Clausum
892 1542 984 1590 Pascha
995 1557 1076 1605 usque
1087 1541 1118 1590 ad
1130 1541 1205 1590 finem
1214 1543 1270 1588 octo
1283 1537 1457 1612 Comitatuum

405 1605 589 1668 proximorum'
599 1607 767 1669 sequencium.
802 1607 983 1668 concessimus,
994 1606 1080 1666 eciam,
1092 1606 1152 1668 ipsis
1163 1609 1190 1654 et
1201 1603 1334 1654 heredibus
1343 1617 1402 1656 sum,
1414 1615 1459 1662 pro

406 1670 478 1718 nobis
490 1675 516 1719 et
527 1671 660 1719 heredibus
675 1673 774 1731 nostris,
787 1676 818 1720 ut
828 1671 938 1720 habeant
957 1677 984 1720 et
1001 1675 1106 1720 teneant
1122 1685 1199 1718 unam
1231 1669 1323 1717 laceam
1335 1666 1360 1714 in
1372 1665 1460 1713 eodem

406 1735 490 1796 Burgo
505 1735 537 1784 ad
554 1736 680 1798 quandam
698 1736 789 1784 Aulam
805 1735 961 1785 Gillatoriam
973 1735 1122 1799 erigendam,
1134 1685 1281 1784 teneniiam³
1296 1733 1327 1780 de
1342 1730 1414 1779 nobis
1433 1734 1460 1778 et

406 1798 540 1848 herodibus
558 1800 657 1860 nostris,
678 1800 722 1848 ubi
746 1801 877 1850 decencius
895 1806 923 1850 et
944 1800 1113 1850 honorabilius
1134 1798 1289 1862 providerint
1311 1811 1355 1859 per
1382 1809 1460 1868 unam

406 1863 495 1912 libram
507 1864 598 1927 piperis
615 1865 746 1914 annuatim
763 1866 917 1914 reddendam
936 1865 962 1914 in
982 1866 1056 1914 Festo
1076 1864 1161 1914 Sancti
1181 1862 1308 1912 Michaelis
1328 1876 1372 1923 pro
1389 1873 1459 1932 omni

405 1927 515 1989 servicio,
527 1929 635 1992 querela,
647 1934 674 1978 et
693 1931 828 1979 exaccione.
863 1930 1043 1990 concessimus,
1061 1930 1146 1989 eciam
1159 1944 1204 1992 pro
1218 1927 1351 1976 heredibus
1367 1927 1459 1972 nostris

406 1997 433 2042 et
457 1993 536 2056 nobis,
560 1994 621 2058 ipsis
640 2000 667 2043 et
685 1995 819 2044 heredibus
836 1995 896 2055 suis,
915 1995 1017 2058 quando
1033 1993 1124 2056 aliquia
1143 1993 1296 2042 Ballivorum
1315 1995 1460 2064 nostrorum

406 2058 498 2122 prisam
508 2058 596 2108 iecerit
607 2059 633 2107 in
650 2059 758 2108 Castalio
775 2059 807 2108 dc
824 2059 926 2108 cervisia
934 2059 1003 2123 quod
1013 2057 1074 2108 non⁴
1084 2063 1186 2108 tenetur
1194 2057 1286 2106 habere
1294 2055 1342 2104 nisi
1350 2068 1457 2128 pnmam

405 2123 495 2172 Biksm
506 2123 539 2172 de
551 2139 601 2172 uno
612 2123 684 2172 obolo
695 2125 780 2173 minus
791 2139 868 2187 quam
879 2124 938 2173 alibi
949 2124 1051 2173 vendita
1067 2123 1146 2172 fuerit
1156 2122 1296 2172 secundum
1308 2119 1375 2182 quod
1383 2133 1458 2167 marsa

405 2187 472 2238 lacta
484 2187 562 2237 luerit
572 2205 617 2251 per
631 2189 781 2252 Burgenscs:
798 2189 827 2246 ai,
840 2193 934 2248 autem,
958 2189 1015 2252 plus
1033 2203 1110 2252 qnam
1129 2203 1207 2236 unam
1218 2187 1307 2236 Biham
1319 2185 1408 2232 habere
1419 2182 1460 2258 ³5⁰!

405 2267 492 2316 mpero
508 2253 641 2313 voluerint,
660 2251 849 2330 mercabantu'r'
865 2253 976 2330 singulas
992 2257 1019 2330 et
1034 2259 1159 2330 quantum
1178 2249 1300 2328 ceperint}
1316 2251 1383 2298 sicut
1398 2247 1458 2323 abbr

404 2311 1459 2453 hildimini‚timebatistllillfflaltlttll

405 2447 490 2495 trahet
509 2463 550 2496 eos
570 2447 596 2496 in
616 2447 741 2496 Placitum
757 2449 806 2497 nisi
825 2449 893 2512 juste
910 2453 935 2498 et
952 2447 1142 2504 racionabiliter,
1162 2451 1188 2494 et
1209 2445 1263 2494 sine
1280 2445 1456 2492 inoeumcrona.

406 2511 586 2572 Concasimus,
598 2513 683 2588 eciem,
694 2513 755 2574 ipsis
766 2517 793 2562 et
803 2513 936 2588 heredibus
952 2513 1011 2589 suis,
1024 2527 1069 2575 pro
1081 2512 1152 2560 nobis
1169 2515 1195 2559 et
1206 2507 1456 2583 heredibusnmtrh,

403 2577 1130 2718 craticulaepalmatum
1149 2573 1458 2716 {abulcatar

404 2707 1385 2835 :libellatilslztlaplltlssitlssablffill,utta
1396 2715 1458 2840 ’ἐξὲξ

405 2835 535 2885 comitatu
547 2836 578 2884 de
590 2836 674 2898 aliquo
681 2836 783 2885 servicio
792 2835 831 2884 vol
842 2835 943 2900 tallagio
952 2841 978 2885 et
988 2835 1078 2896 labore,
1090 2841 1117 2884 et
1127 2834 1196 2896 quod
1204 2849 1255 2882 non
1263 2831 1385 2882 tollantur
1395 2833 1458 2889 (asc)

405 2915 449 2962 per
463 2915 509 2950 nos
526 2901 567 2949 vel
586 2900 689 2950 heredes
706 2905 811 2960 nostros,
822 2901 871 2949 nisi
886 2901 919 2950 ad
934 2905 1035 2964 tempus
1052 2900 1153 2963 quando
1169 2898 1293 2947 Dominus
1308 2897 1362 2944 Rex
1372 2909 1459 2944 omnes

404 2963 500 3028 Burgos
511 2981 570 3014 suos
581 2981 625 3028 per
635 2965 752 3029 Angliam
764 2965 900 3014 talliaverit
914 2964 983 3026 (rio).
1019 2965 1054 3014 Et
1066 2971 1096 3014 ut
1107 2963 1231 3014 concessio
1242 2963 1288 3011 heo
1297 2966 1343 3010 etc.
1358 2977 1365 3019 ;
1383 2955 1449 3009 13b⁷.

307 3043 531 3124 Launoeston3
554 3045 601 3110 St.
618 3045 790 3132 Stephen's
806 3045 980 3131 Priory8-

308 3175 439 3240 ¹Puntope
449 3177 593 3241 [Pontage]:
603 3195 618 3226 a
625 3179 671 3226 toll
679 3179 718 3226 ior
727 3179 771 3227 the
778 3179 858 3242 repair
908 3175 920 3208 ⁶
936 3179 1036 3241 ceperit,
1047 3178 1132 3227 Oliccr.

339 3243 389 3290 and
405 3243 578 3292 maintenance
589 3243 616 3290 oi
631 3243 739 3306 bridges,
751 3243 856 3292 exacted
908 3243 918 3274 ⁷
935 3245 996 3293 This
1013 3243 1125 3304 Ohnrter,
1138 3241 1187 3291 and
1205 3245 1255 3290 two
1270 3239 1352 3289 which
1366 3237 1458 3298 follow,

339 3307 405 3355 hom
416 3321 518 3370 persons
529 3307 585 3356 who
596 3308 685 3371 possed
696 3309 777 3358 under
787 3308 858 3358 them
947 3305 1255 3371 namelytheCharteroi
1266 3305 1324 3354 Esrl
1336 3302 1458 3378 Reginald

338 3387 367 3420 or
377 3372 476 3421 orossed
487 3373 564 3422 them.
940 3375 991 3423 and
1007 3373 1052 3422 the
1069 3372 1175 3423 Chartar
1186 3371 1219 3432 (Ι)
1232 3371 1258 3420 of
1274 3369 1333 3419 Earl
1350 3367 1458 3417 chhard

306 3436 443 3499 Adclthc:
460 3437 587 3486 atributa
603 3437 661 3501 pald
673 3437 707 3502 by
719 3437 791 3487 those
802 3438 858 3488 who
941 3454 983 3488 ara
1005 3437 1106 3502 printed
1127 3437 1154 3486 in
1176 3435 1280 3486 Oliver's
1302 3433 1459 3507 henoticon,

338 3501 857 3565 soldtheirgoodsctastalbinmarketa,
941 3504 990 3553 but
1001 3507 1047 3552 not
1057 3503 1129 3566 quite
1143 3499 1266 3550 accuratal
1293 3498 1361 3559 ;the
1376 3495 1459 3544 differ-

337 3570 383 3615 etc
941 3583 1014 3618 enoes
1025 3565 1242 3617 areindicatcdin
1290 3563 1458 3612 eiootnotca

306 3629 423 3694 Oeyllcpe
450 3631 546 3694 [Olivsr
567 3631 612 3682 has
637 3633 651 3659 ‘¹
660 3633 771 3698 suyliage
779 3631 825 3696 ''];
845 3633 857 3682 1
941 3633 1057 3683 Thefirst
1064 3626 1458 3704 Obertcrisqnotcdfrom¹‘ltot

337 3711 444 3760 suppose
461 3697 602 3761 Gidcpiaoa,
616 3698 656 3762 iq.
674 3697 858 3762 Jalleaginm-
940 3699 995 3748 Pat
1025 3699 1040 3747 6
1062 3697 1115 3746 Βία.
1140 3697 1174 3746 11.
1204 3711 1248 3759 per
1276 3689 1459 3756 lmpenmua'·

338 3760 399 3823 “jus
418 3761 527 3812 Domino
541 3763 721 3812 exsolvendum
754 3779 782 3812 ro
799 3763 857 3812 vino
940 3762 1029 3824 which,
1047 3761 1176 3826 probably,
1196 3763 1314 3810 accounts
1333 3757 1373 3806 ior
1391 3770 1461 3806 some

336 3826 404 3888 quod
412 3826 727 3889 minutatimrenditur''(
757 3827 855 3889 'Amul
939 3828 966 3876 oi
981 3828 1026 3877 the
1042 3827 1181 3876 variatione.

303 3889 572 4006 {ercinia
908 3884 1462 4012 'balaamitarum'

302 4017 314 4050 ⁴
330 4021 357 4068 a
377 3993 477 4069 caesui
495 4022 524 4069 as
540 4021 639 4072 cereae
664 4022 726 4084 quoa
741 4019 799 4086 ea]
825 4023 857 4072 aa
908 4017 1465 4082 womr;0scsrune,114a-m0nsxs

336 4085 446 4135 Cerrisia
472 4087 499 4135 in
527 4086 672 4137 Castellum.
707 4125 713 4137 .
747 4123 754 4136 .
787 4089 857 4150 quod
939 4087 1045 4136 nemeis

334 4165 393 4210 non,
418 4151 552 4201 Olivam-1
574 4152 607 4201 do
632 4157 679 4202 not
700 4153 857 4203 understand
908 4153 1053 4213 Onomar,
1064 4151 1122 4201 who
1134 4147 1341 4202 occursinllll.

334 4215 379 4264 tho
397 4214 456 4277 dois,
471 4215 511 4264 ior
525 4231 558 4265 no
578 4217 647 4266 word
667 4217 688 4266 is
707 4218 821 4268 omitted.
908 4217 1013 4267 Massa
1024 4217 1155 4267 monn

302 4277 313 4348 Ρ
328 4279 442 4344 voluerit,
455 4281 615 4345 mercabitur,
637 4282 726 4334 Oliosr.
908 4283 1048 4336 homos
1064 4279 1182 4346 (Bustica
1196 4277 1330 4342 malhei)
