3322 4982
305 374 376 444 200
539 388 680 443 aanor
697 368 1010 468 eaounsconnn'e
1029 390 1230 447 aporema.

303 542 742 610 Iauneeston-eontinued.

401 647 496 696 babent
517 647 548 696 da
570 647 740 711 Propositum¹
763 647 865 697 Castelli
884 663 919 698 xx
935 647 1027 698 solidos
1047 649 1181 698 annuatim
1201 649 1233 698 ad
1250 649 1355 698 Festum
1372 647 1459 698 Sancti

401 711 504 761 Martini
515 712 555 772 [11
570 712 645 774 Noe]
656 729 662 773 ;
679 717 705 761 et
716 713 784 774 quod
795 713 895 762 easdem
906 713 1034 763 libertates
1045 714 1150 776 integre,
1160 715 1287 778 etquicte,
1300 719 1326 762 et
1337 713 1390 762 sine
1400 729 1457 762 oon·

401 777 552 826 tradiccione
568 781 622 826 toto
640 781 752 840 tempore
769 777 879 838 Henrici,
896 778 957 827 Re'
980 778 1078 842 Anglis,
1093 779 1176 828 Patris
1196 780 1253 839 mei,
1271 779 1416 827 habuerunt
1432 783 1459 826 et

401 845 547 891 tennerunt.
590 842 746 905 Quapropter
764 858 809 905 ego
828 857 914 892 omnes
945 843 1062 892 'bertates
1078 844 1111 892 ad
1128 845 1238 894 liberum
1262 844 1374 906 Burgum
1391 857 1458 906 spec

401 911 485 956 tantos
494 907 636 956 memoratis
645 907 782 966 (lenonicia,
794 911 821 956 et
832 907 896 956 ville
903 924 948 956 sue
958 907 990 956 de
1003 909 1197 968 Lanscevstcne,
1207 915 1234 957 et
1242 909 1386 958 hominibus
1395 909 1423 956 in
1431 923 1460 956 ea

401 971 486 1020 iocum
498 977 524 1020 et
534 971 618 1020 locum
628 971 786 1033 habentibus,
798 987 856 1022 cum
864 973 1007 1022 memoratis
1015 989 1049 1022 xx
1057 973 1143 1022 solidis
1152 973 1230 1022 annui
1239 989 1334 1032 census,
1343 973 1459 1032 manassi,

403 1041 430 1084 et
446 1036 493 1085 hac
509 1036 584 1086 carta
595 1052 651 1086 mea
661 1037 971 1096 confirmavi-Testibus,
984 1038 1093 1087 Roberto
1116 1038 1300 1098 Dunstanville,
1313 1038 1418 1086 liicurdo
1428 1037 1461 1086 de

404 1101 533 1163 Baddnne,
545 1103 678 1162 Bernardo,
691 1101 841 1150 vicecomite
852 1101 986 1162 Comnbie,
998 1103 1107 1151 Roberto
1123 1103 1174 1152 filio
1185 1103 1296 1162 Anketil,
1309 1103 1415 1164 lingone
1426 1103 1458 1151 de

401 1166 585 1228 Dunstunville,
596 1165 707 1216 iordane
716 1168 747 1215 de
758 1166 867 1227 ireksrl,
879 1167 1015 1230 Proposito,
1030 1168 1149 1216 Mordent
1160 1167 1297 1230 Spralrelyn
1310 1184 1317 1228 ;
1335 1169 1371 1216 13.

305 1247 461 1313 Charters
477 1247 513 1312 ol
534 1247 687 1324 Richard,
703 1247 780 1312 Earl
796 1246 831 1312 oi
854 1247 1019 1313 Oomwell
1042 1248 1109 1312 and
1133 1246 1244 1313 Gonni
1259 1249 1294 1312 of
1318 1247 1461 1324 Poictou‚

387 1342 404 1368 “
415 1333 506 1417 King
521 1333 557 1399 oi
578 1334 635 1399 tho
651 1334 795 1398 Romans
808 1333 824 1358 ’⁹
847 1333 945 1417 (ΑΒ.
963 1334 1192 1417 1225-1272)
1206 1359 1255 1399 :-

353 1437 536 1499 I.—Rieardus,
550 1439 638 1488 Comes
652 1437 760 1486 Pictavie
771 1441 797 1486 et
808 1437 941 1498 Oomnbie,
950 1438 1067 1486 omnibns
1076 1438 1215 1487 Batonibus
1226 1437 1278 1486 suis
1289 1443 1316 1486 et
1327 1437 1459 1496 Militibus,

405 1509 431 1552 et
442 1504 560 1553 omnibus
571 1504 647 1552 libere
658 1503 803 1551 tenentibus
814 1502 841 1550 in
853 1502 991 1562 Comitum,
1003 1503 1294 1552 salutem-Sciatisnos
1306 1503 1463 1562 conoeseisse,

402 1573 429 1617 et
440 1569 486 1618 hac
497 1569 606 1631 presenti
618 1569 693 1618 Carta
704 1573 789 1616 noema
799 1566 963 1628 confirmasse,
976 1568 1029 1616 Deo
1041 1572 1067 1617 et
1078 1567 1187 1616 Ecclesia
1196 1568 1281 1616 Sancti
1293 1567 1414 1629 Stephani
1424 1567 1457 1616 de

404 1633 595 1694 Lanscevatone,
616 1637 642 1681 et
665 1632 795 1681 Canonicis
813 1631 907 1680 ibidem
930 1632 984 1680 Deo
1007 1633 1180 1692 servientibus,
1201 1648 1246 1695 pro
1264 1637 1333 1680 stain
1354 1637 1381 1680 et
1399 1647 1460 1695 pace

404 1698 506 1746 Domini
518 1698 627 1758 Henrici,
646 1697 720 1759 Regis
737 1696 833 1759 singlis,
846 1697 940 1745 Fratris
957 1698 1044 1757 nostri,
1056 1697 1132 1746 simul
1148 1703 1176 1746 et
1187 1697 1273 1758 Regni,
1286 1701 1312 1746 et
1323 1713 1367 1760 pro
1378 1697 1459 1745 salute

403 1763 486 1811 anime
495 1763 597 1811 Domini
607 1761 737 1821 iohannis,
748 1761 822 1824 Regis
829 1761 925 1824 Anglie,
936 1761 1017 1810 Patris
1028 1762 1114 1822 nostri,
1127 1767 1153 1810 et
1163 1777 1208 1825 pro
1219 1761 1300 1810 salute
1311 1761 1393 1809 anime
1404 1777 1459 1810 mee

403 1833 430 1876 et
451 1827 564 1876 omnium
576 1829 768 1876 Antecessornm
790 1830 817 1874 et
833 1825 1009 1875 Successorum
1025 1831 1175 1882 nostrorum,
1193 1831 1224 1874 ut
1245 1826 1355 1874 habeant
1370 1841 1457 1874 omnes

404 1891 526 1940 Ecclesias
536 1908 594 1940 suns
605 1897 632 1940 et
642 1891 725 1940 omnia
742 1890 914 1939 Ecclesiastiea
930 1891 1059 1953 Beneficia,
1072 1895 1098 1940 et
1109 1891 1259 1954 possideant,
1271 1905 1329 1939 cnm
1340 1891 1457 1939 omnibns

402 1957 562 2020 pertinenciis
578 1957 637 2016 suis,
654 1956 758 2019 integre,
775 1955 858 2015 libere,
878 1961 905 2004 et
924 1955 1030 2019 pacifice,
1049 1971 1098 2020 que
1117 1955 1211 2004 hebent
1228 1971 1258 2004 ex
1277 1955 1457 2004 donacionibns

403 2023 509 2085 Regum,
518 2021 655 2082 Comitum,
663 2021 790 2069 Beronum
797 2024 824 2069 et
831 2020 937 2068 aliorum
945 2021 1069 2069 bonorum
1075 2021 1194 2076 virorum;
1203 2025 1290 2080 terras,
1297 2017 1459 2080 eciam,'suas

404 2101 498 2147 omnes,
507 2091 534 2136 st
544 2091 689 2136 tenementa
700 2101 745 2134 sna
754 2085 836 2134 omnia
845 2101 895 2147 que
906 2085 1033 2134 hebentin
1042 2087 1132 2148 Burgo,
1142 2085 1181 2133 vel
1188 2090 1260 2133 extra
1268 2085 1389 2147 Burgum,
1398 2099 1457 2133 cum

403 2151 520 2200 omnibus
537 2151 694 2214 pertinenciis
705 2151 764 2210 suis,
775 2149 940 2210 libertatibus,
957 2155 984 2198 et
999 2150 1082 2198 liberis
1093 2149 1317 2198 consuetudinibus
1333 2149 1394 2206 suis,
1406 2165 1456 2212 que

403 2216 505 2274 liabent,
523 2216 563 2266 vel
579 2215 722 2265 habuerunt
737 2215 770 2264 ab
786 2214 898 2278 antiquo,
909 2215 976 2263 sicut
993 2215 1068 2264 Carta
1080 2215 1236 2264 Donatorum
1246 2218 1361 2274 testatur,
1374 2215 1412 2262 vel
1429 2214 1457 2263 in

402 2282 521 2330 futurum
531 2281 713 2330 racionabiliter
723 2280 850 2342 acquirere
860 2283 988 2342 poterunt,
997 2279 1080 2340 libere,
1089 2279 1182 2342 quiete,
1194 2284 1221 2328 et
1232 2278 1340 2342 plenarie
1350 2294 1356 2338 ;
1373 2283 1400 2326 ct
1410 2279 1458 2328 hec

402 2345 505 2405 omnia,³
516 2351 569 2395 tam
580 2347 607 2394 in
619 2345 734 2394 Ecclesiis
746 2361 822 2407 quam
833 2345 860 2392 in
872 2344 986 2407 Capellis,
998 2345 1078 2405 terris,
1090 2344 1172 2404 rebus,
1182 2349 1208 2392 et
1218 2343 1420 2406 possessionibus,
1430 2349 1458 2392 et

401 2412 518 2460 omnibus
529 2411 688 2474 pertinenciis
699 2410 751 2458 suis
762 2409 912 2470 memoratis,
925 2408 1054 2458 canonicis
1065 2413 1092 2457 et
1102 2408 1284 2458 successoribus
1294 2407 1347 2456 suis
1358 2423 1455 2457 conces·

400 2476 486 2536 simus,
502 2476 617 2525 habenda
633 2480 659 2524 et
676 2475 824 2538 possidenda
839 2474 866 2522 in
882 2488 972 2536 puram
989 2478 1016 2522 et
1030 2479 1177 2536 perpetuam
1188 2473 1354 2531 elemosinam,
1369 2473 1454 2534 libera,

400 2540 541 2600 honorilice,
555 2545 582 2589 et
593 2541 678 2603 quiete
690 2540 721 2588 ab
732 2539 800 2587 omni
819 2538 924 2587 seculari
939 2539 1050 2599 servicio,
1062 2544 1089 2587 et
1104 2538 1233 2596 similitcr3
1257 2538 1326 2586 etde
1337 2537 1456 2586 omuibus

400 2605 625 2655 consuetudinibus
641 2603 793 2654 secularibus
810 2608 837 2652 et
852 2603 1023 2651 occasionibus
1039 2603 1189 2652 omnimodis
1205 2603 1392 2665 imperpetuum
1405 2619 1411 2662 ;
1428 2607 1456 2652 et

400 2685 432 2720 ue
448 2671 506 2734 quis
521 2675 599 2734 ponat
615 2669 739 2733 predictos
757 2667 892 2717 Canonicos
908 2668 934 2716 in
952 2669 1073 2730 placitum
1090 2669 1122 2716 <ie
1138 2667 1221 2730 aliquo
1237 2671 1382 2716 tenemento
1399 2683 1453 2726 suo,

400 2736 448 2784 nisi
460 2751 541 2785 eoram
551 2734 697 2797 nobisipsis,
707 2733 838 2782 relooram
849 2732 948 2781 ballivis
957 2733 1049 2782 nostris
1057 2733 1089 2781 de
1098 2731 1321 2782 Cornubia—Hiis
1328 2731 1454 2791 Tannus,

400 2801 501 2850 andree
516 2801 548 2849 de
566 2801 716 2858 Chanccans,
735 2798 839 2846 Ricardo
856 2797 888 2845 de
905 2799 992 2858 Turre,
1009 2797 1118 2846 Henrico
1134 2797 1278 2858 Teutonico,
1300 2795 1407 2845 Henrico
1423 2797 1456 2845 (le

400 2866 568 2926 Fiunchenne,
585 2864 691 2914 Ricardo
702 2864 733 2912 de
745 2861 936 2922 Punchardune,
953 2863 1046 2922 Yvone,
1064 2862 1141 2910 fratre
1158 2861 1271 2922 Comitis,
1287 2861 1412 2910 Herberto
1423 2862 1456 2910 de

398 2931 496 2992 Noviln,
513 2931 598 3027 Alaun}³
611 2928 697 2990 Hnrri,
715 2927 823 2977 Henrico
840 2928 871 2976 do
887 2927 1019 2990 Bodiigan‚
1040 2926 1174 2990 Radulpho
1193 2927 1278 2990 Bloyo,
1299 2925 1401 2975 Simone
1423 2927 1456 2975 de

400 2995 534 3058 Brekelny;
554 2997 604 3044 13.

335 3077 532 3137 II.-Ricarclus,
556 3076 644 3126 Comes
662 3075 786 3125 Gomnbie
809 3079 835 3124 et
857 3073 973 3134 Pictavie,
997 3073 1150 3134 vicecomiti,
1173 3077 1199 3122 et
1216 3071 1333 3122 omnibus
1352 3071 1457 3121 Ballivis

400 3141 532 3202 cornubie,
550 3139 788 3190 salutem-Sciatis
804 3139 873 3204 quod
889 3139 1017 3188 Prioretns
1033 3139 1065 3187 de
1083 3139 1274 3197 Lnnecevatone,
1292 3141 1319 3186 et
1335 3135 1409 3186 Prior
1428 3141 1457 3186 et

399 3206 518 3256 canonici
535 3205 649 3269 ejusdem
665 3205 800 3266 Prioratus,
812 3209 839 3254 at
849 3219 935 3252 omnes
952 3218 1039 3252 eorum
1051 3202 1173 3263 homines,
1186 3202 1301 3262 Ecclesia,
1313 3207 1410 3262 tenure,
1428 3206 1456 3251 et

399 3271 570 3334 possessiones,
596 3275 658 3318 sunt
679 3269 728 3318 sub
753 3274 975 3318 manutenemento
999 3273 1026 3316 et
1047 3267 1203 3332 proteocione
1235 3271 1326 3316 nostra.
1372 3267 1456 3326 Quare

398 3337 516 3386 volumus
543 3341 570 3384 et
597 3334 702 3384 firmiter
730 3334 880 3397 precipimus
899 3334 967 3396 quod
990 3333 1132 3381 Prioratum
1151 3332 1223 3380 illum
1246 3337 1273 3380 et
1294 3331 1405 3380 Priorem
1428 3336 1457 3379 ct

400 3401 537 3450 Oenonicos
554 3416 640 3450 omnes
657 3399 718 3448 dicti
735 3399 870 3456 Prioratus‚
883 3402 909 3447 et
925 3398 1008 3446 omnia
1019 3413 1071 3457 sua,
1083 3402 1136 3446 tam
1148 3395 1320 3446 Ecclesiastico
1332 3395 1456 3444 Beneficia

399 3481 476 3530 quem
495 3466 557 3514 laica
575 3469 727 3525 tenementa,
746 3468 868 3528 tanquam
892 3463 1016 3512 dominico
1031 3467 1116 3510 nostru
1132 3461 1238 3524 propria,
1261 3459 1409 3510 custodiatis
1429 3467 1457 3509 st

398 3531 566 3580 mantenentis
583 3536 609 3579 et
625 3529 773 3588 defendatis,
793 3529 889 3578 nullam
906 3528 941 3577 eis
957 3526 1076 3590 injuriam
1093 3526 1132 3576 vel
1149 3525 1290 3576 molestiam
1309 3525 1454 3586 inserentes,

399 3611 446 3646 neo
464 3596 590 3659 abaliquo
606 3595 642 3644 eis
658 3593 744 3642 inferri
756 3594 937 3656 permittentes
973 3591 1043 3642 Etsi
1060 3591 1117 3654 quis
1133 3591 1206 3640 eisin
1217 3590 1302 3654 aliquo
1313 3589 1456 3638 forisfacere

398 3661 584 3725 presumpserit,
588 3659 728 3774 Klenariam
739 3657 774 3707 eis
785 3658 843 3706 inde
853 3657 981 3720 justiciam
991 3656 1044 3706 sine
1052 3655 1173 3706 dilacione
1183 3655 1288 3716 iacietis,
1300 3654 1327 3704 in
1338 3654 1456 3704 omnibns

398 3731 571 3776 conservantes
606 3725 716 3773 bertates
733 3723 896 3782 omnimodas,
912 3723 986 3785 juxta
1002 3721 1110 3770 formam
1127 3720 1261 3771 (tartarum
1277 3733 1381 3770 suarum
1391 3735 1456 3783 quas

399 3792 496 3842 hebent
506 3791 538 3840 de
550 3789 769 3840 Pmdecessoribns
780 3787 873 3838 nostris
884 3787 954 3837 etde
965 3785 1121 3838 uobis—iol.
1135 3783 1187 3837 13¹³.

366 3873 420 3925 The
442 3873 514 3923 Prior
531 3869 639 3936 [Robert
654 3868 783 3930 FismcreL
800 3867 1030 3918 excommunicated
1053 3867 1182 3930 “propter
1203 3865 1400 3916 inobedienciam
1429 3869 1458 3915 et

398 3939 558 3988 manifestam
569 3936 712 3996 offensam,”
725 3933 755 3986 17
768 3931 856 3998 Sept,⁴
869 3935 949 3994 1259;
964 3933 1010 3982 tha
1021 3933 1143 3982 Sentence
1153 3947 1204 3982 was
1215 3929 1348 3994 publisbed
1365 3929 1392 3980 in
1406 3929 1454 3980 the

400 4002 607 4068 Chapter-House
626 4001 652 4050 ot
669 4001 834 4062 Iannoeston,
845 4013 878 4048 on
894 3998 939 4048 the
957 3995 1037 4059 18111,ο
1048 3997 1138 4060 bytho
1149 3996 1231 4046 Priore
1242 3995 1269 4045 oi
1280 3993 1388 4046 Bodmin
1404 3995 1457 4046 anti

302 4141 377 4192 *Pro
423 4139 567 4200 tecum.
894 4133 1095 4184 *nonomen
1105 4128 1459 4198 postratumnxcltceiouis

304 4206 361 4268 ὀὴ,
394 4206 459 4256 livor.
927 4201 1018 4249 Sancte
1033 4197 1127 4249 crucia

299 4267 702 4334 ⁸teoeete1nominis,oleer.
895 4263 1208 4318 ‘crotonensium
