3252 4984
584 463 763 518 GENERAL
788 465 920 518 mnnx.

723 617 748 683 S

165 725 212 790 St.
229 725 496 794 Oolumbminor
505 751 513 808 ;
535 747 585 794 ece
599 727 646 794 St.
662 667 840 795 Orenbook.

165 828 216 894 St.
233 827 411 909 Orantock‚
426 831 550 897 Maeter
565 830 656 898 John
668 832 709 897 do
723 831 974 918 Wolryngtone,
990 830 1105 898 Cenon
1120 831 1208 908 of,—

230 933 317 983 Iaetter
327 933 393 984 stom
411 934 457 984 tbe
474 935 568 998 Bisbop
584 939 611 985 to
628 935 673 984 tbe
685 935 757 985 Deen
771 935 799 986 oi
816 935 854 986 St
868 935 1000 998 Orantock,
1011 935 1099 999 taking
1110 935 1147 984 off
1155 935 1199 985 the
1211 935 1316 999 Sequcs·

259 999 355 1048 tretion
374 1015 407 1049 on
423 1000 467 1049 the
481 1015 602 1050 ravennon
613 1001 640 1049 oi
659 1000 698 1050 his
710 1001 807 1050 Pneben
851 1000 930 1050 “cum
946 999 993 1049 bac
1003 1001 1316 1064 adjectione-quousque

259 1061 327 1113 eliud
340 1065 481 1127 receperitis
492 1065 519 1113 in
530 1065 679 1114 Mendetia”
697 1065 739 1127 (25
757 1066 823 1127 Oct,
846 1065 936 1126 1282);
955 1062 1022 1114 neb.

163 1143 210 1209 st.
227 1143 393 1210 Grentock
410 1145 475 1210 end
492 1145 539 1211 St.
557 1145 873 1224 columb-minor,-

227 1231 318 1280 Petrus
336 1236 382 1282 etc.
403 1233 495 1281 dilecto
514 1233 565 1282 filio
582 1233 701 1296 Magistro
721 1232 832 1282 Robsrto
850 1233 883 1282 de
902 1231 1007 1282 Matisco
1023 1231 1139 1292 mintem,
1153 1232 1268 1296 gratim,
1289 1236 1317 1282 et

259 1296 541 1348 benediccionem-Ob
560 1295 693 1360 probitatis
711 1302 757 1347 tue
772 1297 870 1358 merite,
882 1313 932 1360 que
947 1297 980 1346 da
995 1301 1022 1346 te
1038 1295 1133 1346 nedum
1149 1297 1234 1346 crebro
1245 1297 1316 1346 audi·

260 1361 350 1422 rimam,
368 1366 408 1411 eet
434 1377 479 1426 per
501 1367 611 1412 vestram
632 1363 765 1412 honestem
785 1365 813 1412 st
833 1361 985 1412 laudabilem
1002 1362 1215 1411 conversacionem
1237 1377 1314 1424 quem

260 1424 348 1475 multis
365 1431 433 1475 retro
452 1427 608 1490 temporibus
620 1427 671 1476 fide
684 1426 846 1490 cognovimns
865 1427 985 1488 occulata,
999 1441 1102 1490 persone
1121 1430 1173 1486 tue,
1192 1431 1314 1490 tanquam

260 1489 324 1538 bene
334 1491 430 1552 merite,
441 1492 549 1554 greciam
560 1491 641 1540 iacere
651 1491 764 1541 volentes
780 1505 857 1554 quam
868 1506 1002 1554 possumus
1018 1490 1045 1539 in
1062 1489 1179 1554 presenti,
1191 1490 1314 1540 Vioariem

260 1553 409 1605 Perocbialis
423 1555 532 1605 Eoolesie
550 1556 637 1606 Sancti
657 1555 800 1617 Kerentoci,
810 1559 838 1605 et
853 1555 953 1619 Oepeile
971 1556 1062 1605 Sancte
1080 1555 1201 1604 columbe
1212 1555 1316 1604 Minoris

260 1619 292 1668 eb
304 1619 391 1669 eadem
406 1619 578 1682 dependentis,
590 1621 639 1670 tibi
655 1620 806 1670 conterimus
821 1620 920 1670 intuitu
936 1619 1065 1680 ceritetis3
1082 1619 1194 1669 volentes
1209 1625 1238 1669 et
1248 1621 1313 1669 ordi-

261 1688 351 1733 nentes
369 1685 439 1748 quod
458 1685 555 1735 vicarie
572 1687 626 1748 ipse
643 1685 764 1748 consistet
782 1685 809 1734 in
827 1685 944 1734 omnibus
961 1684 1087 1733 fructibus
1106 1688 1133 1733 et
1151 1685 1315 1748 proventibus

262 1747 448 1798 Probendernm
459 1765 510 1812 qne
520 1749 655 1814 aliquando
665 1751 771 1800 inerunt
787 1749 954 1798 Dominornm
971 1747 1085 1798 Nichoiai
1096 1749 1128 1798 de
1139 1749 1278 1798 Brimmore
1289 1755 1316 1799 et

261 1812 384 1862 Jobannis
394 1814 426 1862 de
446 1815 538 1864 Sancto
550 1815 656 1875 Kerano,
667 1815 694 1863 in
706 1814 816 1864 Ecclesia
832 1813 919 1864 Sancti
930 1814 1065 1862 Kerentoci
1075 1813 1194 1877 predicte,
1206 1815 1317 1878 exceptis

260 1877 393 1928 duodecim
403 1879 536 1941 mercis,in
571 1879 645 1928 nibus
664 1879 789 1943 predictas
807 1879 871 1928 dues
885 1877 1026 1928 Prebeudsa
1040 1893 1085 1942 pro
1101 1878 1185 1942 equali
1202 1880 1317 1942 porcione

260 1941 394 1992 oonsistere
410 1943 562 1993 volumuali
648 1949 676 1993 et
691 1943 789 2008 quietas
806 1943 838 1992 eb
856 1943 925 1992 omni
941 1959 1001 1992 oure
1017 1947 1045 1992 et
1057 1958 1131 1991 onere
1148 1958 1315 2006 quocumque,

263 2006 315 2056 sive
325 2007 361 2056 sit
371 2007 524 2058 ordinerium
535 2008 588 2058 sive
599 2007 831 2066 extraordinarium,
841 2012 989 2057 consuetum
1001 2012 1047 2056 aut
1064 2007 1201 2068 insolitum,
1210 2023 1254 2057 sen
1268 2009 1316 2056 elio

261 2087 421 2136 quocumque
441 2073 543 2122 nomine
560 2073 655 2122 censeri
670 2071 792 2134 babeet¹;
814 2087 899 2136 qnam,
916 2073 1027 2136 quidem,
1047 2087 1133 2121 curem
1150 2077 1178 2121 et
1196 2089 1267 2134 onus,
1286 2079 1317 2122 ut

261 2136 427 2200 premittitur,
444 2137 562 2187 volumno
593 2143 623 2186 nt
647 2137 696 2187 tibi
722 2141 749 2187 et
771 2137 953 2187 successoribus
975 2135 1028 2186 tuis
1044 2136 1174 2186 incumbet
1195 2137 1316 2198 omnin03

261 2203 402 2251 statuentes
422 2207 453 2251 ut
468 2203 500 2252 de
516 2201 576 2266 ipsis
592 2203 628 2266 xij
646 2203 735 2252 mercis
751 2217 796 2266 per
809 2205 843 2262 te,
854 2205 881 2251 et
897 2217 1049 2250 successores
1067 2205 1126 2250 tuos
1144 2201 1253 2250 Vicerios
1271 2204 1316 2265 qui

261 2281 307 2329 pro
325 2271 437 2330 tempore
456 2266 559 2325 inerint,
579 2267 680 2316 dnobus
703 2267 834 2318 Oenoniois
854 2266 948 2330 quibue
970 2267 1035 2328 ipses
1058 2265 1200 2315 Probendea
1221 2267 1317 2316 iuturia

261 2330 420 2394 temporibus
441 2347 487 2381 noe
507 2331 546 2380 vel
563 2333 721 2381 Successores
743 2331 822 2380 nostri
850 2331 997 2380 duxerimus
1024 2329 1192 2392 conferendas,
1215 2333 1317 2394 utrique

262 2395 356 2444 scilicet
362 2411 456 2458 eorum,
466 2395 570 2458 singulis
579 2397 658 2457 annia,
667 2397 699 2446 de
710 2411 755 2445 sex
765 2395 853 2445 marcis
862 2397 894 2444 nd
903 2396 966 2444 duos
977 2394 1044 2443 Anni
1055 2395 1192 2456 Terminos,
1201 2396 1317 2445 videlicet

262 2459 347 2510 Sancti
359 2458 489 2510 Micbeelis
500 2465 527 2510 et
538 2461 749 2510 Annunciaoionie
760 2461 897 2522 Dominioe,
909 2459 936 2508 in
955 2459 1063 2508 Ecclesia
1079 2460 1165 2508 Sancti
1182 2460 1316 2510 Kerentooi

260 2525 372 2588 predicte
388 2525 565 2588 inperpetuum
588 2525 702 2587 satisfiet,
720 2525 791 2590 equis
807 2524 971 2588 porcionibus,
994 2525 1088 2586 absque
1113 2524 1225 2573 ulteriori
1247 2540 1316 2575 more

261 2605 305 2638 seu
328 2589 449 2639 dilecione
468 2605 634 2654 quecumque,
654 2589 703 2640 sub
719 2605 785 2654 pene
803 2589 881 2638 eciam
903 2593 1023 2653 perpetue
1040 2589 1188 2652 privacionie
1208 2589 1241 2638 eb
1264 2590 1318 2652 ipea

261 2654 365 2713 Vicaria,
378 2655 438 2703 siin
449 2655 575 2704 solucione
590 2656 717 2704 dictarum
733 2655 866 2704 duodecim
882 2669 1030 2714 marcarum,
1041 2653 1068 2701 in
1083 2657 1138 2701 toto
1149 2654 1188 2702 vel
1199 2653 1224 2702 in
1237 2661 1315 2717 perte,

260 2719 313 2768 suis
319 2719 443 2768 Terminis
453 2719 493 2768 vel
504 2720 588 2783 aliquo
598 2720 718 2784 ipsorum,
726 2719 903 2782 inerit-quod
918 2718 1147 2778 absit-cessatum,
1160 2723 1234 2780 prout
1245 2719 1317 2768 nobie

260 2787 287 2832 et
298 2784 487 2833 Sucoeaaon‘bus
498 2785 593 2834 nostrie
600 2784 680 2846 megia
691 2784 819 2834 videbitur
829 2783 951 2846 expedire
987 2782 1118 2843 Volumus,
1130 2783 1238 2846 insuper,
1247 2785 1315 2846 quod

261 2852 291 2896 tu
303 2853 330 2896 et
340 2863 492 2898 successores
503 2850 542 2898 tui
551 2849 643 2899 vieni
653 2849 766 2898 habentia
777 2853 804 2898 et
814 2847 961 2898 inhabitetis
973 2847 1067 2896 Demos
1078 2862 1128 2909 que
1138 2846 1243 2896 inierunt
1253 2848 1316 2897 dicti

260 2913 383 2962 iohannis
391 2913 423 2962 de
430 2914 523 2963 Sancto
532 2915 638 2974 Karene,
647 2914 766 2977 quodque
773 2913 800 2962 in
809 2913 920 2976 predicta
929 2913 1029 2975 Oepelle
1039 2911 1172 2960 invenietis
1180 2911 1315 2962 honestum

261 2977 425 3040 Capellenum
439 2979 585 3042 sumptibus
598 2979 651 3028 tuis
668 2983 695 3028 et
710 2993 881 3028 successorum
897 2982 1008 3039 tuorum,
1020 2975 1112 3024 Divina
1125 2975 1187 3025 inibi
1198 2977 1317 3026 continue

260 3041 446 3106 celebrantem
463 3043 628 3092 Taxecionem
649 3049 676 3092 et
704 3043 895 3093 Ordinacionem
922 3042 988 3091 dicte
1014 3040 1110 3090 Vican'e
1136 3041 1244 3104 eugendi
1271 3057 1316 3091 aen

259 3095 398 3168 minuendi,
409 3122 453 3156 eeu
464 3107 524 3157 alies
535 3108 567 3156 de
578 3109 632 3171 ipse
643 3107 719 3157 libere
729 3107 885 3172 disponendi,
897 3105 969 3155 nobis
985 3110 1012 3155 et
1020 3105 1208 3155 suecessoribus
1223 3107 1315 3156 nostrie

258 3175 413 3220 reservantes
432 3187 477 3234 per
495 3173 579 3221 omnie
597 3173 886 3236 potestetem-Detnm
903 3171 930 3220 in
949 3171 1027 3220 Pareo
1044 3171 1076 3219 de
1094 3171 1210 3230 Lannert,
1229 3171 1314 3220 Nonas

261 3235 355 3297 Marcii,
372 3235 446 3285 Anno
469 3237 571 3286 Domini
587 3238 634 3288 Me
659 3237 720 3289 00⁰.
738 3236 888 3300 octogesimo
909 3235 985 3286 tercio
1003 3235 1030 3300 [7
1053 3233 1146 3296 Mercb,
1161 3235 1269 3296 1283-41,
1288 3241 1315 3284 et

262 3301 461 3350 Consecrecionie
484 3307 570 3351 nostre
586 3307 691 3366 quarto;
710 3298 897 3365 mee-Philip
913 3302 944 3350 de
961 3299 1182 3363 Schillyngeiorde‚
1198 3316 1213 3348 e
1230 3299 1316 3349 Cenon

260 3365 287 3479 (ἐξ
304 3367 341 3460 Si
351 3365 495 3480 Ῑξθηηιοοὶ,
504 3367 604 3430 applied
623 3368 670 3426 ior,
681 3368 731 3416 end
745 3366 863 3416 obtained
879 3382 894 3415 e
912 3381 974 3430 copy
991 3365 1018 3414 oi
1032 3363 1084 3414 this
1103 3363 1283 3425 “Ordinecio,''
1301 3367 1316 3414 3

287 3446 326 3494 ay,
399 3433 433 3491 4;
451 3433 505 3480 124.

166 3510 214 3576 St
230 3509 415 3595 Dogmeel’e
430 3509 549 3596 Abbey
565 3511 856 3598 [Cerdigenshire],
870 3531 918 3576 ece
933 3509 1095 3595 Rettery;
1118 3511 1188 3576 126.

167 3614 214 3678 St.
225 3613 345 3689 Erven,
360 3613 450 3678 John
465 3613 506 3678 de
521 3615 699 3700 Drcytone,
715 3615 752 3678 R.
764 3615 901 3700 resigns,
918 3615 997 3692 128;
1020 3611 1128 3698 Relph
1144 3612 1309 3700 Germeyn

251 3699 347 3779 leof,
361 3719 409 3764 ece
435 3707 451 3732 “
462 3700 655 3767 additional
671 3701 776 3766 Notes
788 3699 821 3780 '';
847 3699 933 3764 128¹2.

164 3801 213 3866 St.
231 3800 383 3880 (leirene,
398 3801 551 3880 Richerd‚
566 3805 605 3871 R.
619 3803 675 3885 oi;
700 3806 769 3868 128.
814 3803 872 3869 See
886 3810 903 3837 “
912 3801 1106 3868 Additionel
1121 3799 1154 3865 N
1156 3802 1252 3868 otesl'

164 3908 211 3969 bt.
242 3903 550 3969 Just-in-Roselend
588 3907 715 3990 [Sancti
751 3905 841 3972 Jusei
875 3906 911 3969 in
943 3905 1106 3970 Roslonde
1139 3905 1200 3987 (ie.
1230 3906 1316 3973 “the

249 3989 362 4054 Heeth
391 3989 526 4072 Land‚’')
551 3992 645 4076 MS.],
668 3993 772 4072 John,
796 3992 915 4057 Rector
941 3991 1029 4068 oi,—

230 4075 334 4125 Licence
345 4081 373 4125 to
384 4078 461 4141 study
475 4078 516 4138 (22
528 4079 544 4127 J
547 4077 614 4140 une,⁴
628 4079 709 4142 1282),
724 4079 773 4128 “in
786 4078 878 4128 Divine
893 4079 986 4141 Pagina
997 4077 1036 4126 vel
1047 4079 1109 4128 Jnre
1122 4079 1269 4140 canonico,”
1281 4081 1321 4130 ior

262 4141 333 4190 three
343 4157 415 4206 years
427 4143 492 4190 irem
504 4143 672 4203 Michaelmes‚
687 4143 768 4193 either
778 4148 806 4193 et
817 4143 912 4193 Oxford
925 4160 952 4191 or
964 4144 990 4191 in
1002 4143 1071 4192 Paris
1085 4160 1090 4203 ;
1109 4141 1176 4194 liib.
1210 4143 1279 4204 Also,

159 4223 1087 4314 Μ

169 4315 179 4348 ¹
197 4315 396 4380 Habere-velie,
408 4317 448 4368 vel
460 4317 550 4368 debere
562 4317 699 4382 (D'Amie).
771 4317 783 4349 ⁴
799 4335 816 4370 x
827 4318 953 4369 Kalendas
968 4317 1037 4368 Julii

311 4399 382 4474 2A²
