3298 4984
596 448 790 504 enunnsc
808 449 942 504 mnnx.
1301 433 1345 501 55

285 599 419 663 hujusmodi
435 602 643 666 conspiracionis
661 609 816 666 executores,
828 609 932 669 sumpts
950 603 1143 654 amultitudine
1154 604 1202 654 sibi
1213 603 1344 654 assistente

285 666 385 726 audacia,
396 671 518 730 tanquam
530 669 712 718 crudelessimi
728 671 794 730 (sic)
804 670 912 731 lictores,
921 671 947 719 in
959 671 1069 734 prelatos
1078 670 1144 719 viros
1153 669 1343 729 Ecclesictieos,

287 743 345 790 quoe
360 731 385 780 in
403 733 521 794 Ecclesia,
543 734 623 783 Locis
644 735 732 794 Sacris,
753 735 909 796 Sanctuario,
930 743 956 784 et
975 741 1053 796 extra,
1072 735 1183 784 invenire
1198 739 1344 798 potuerunt,

286 801 407 859 assumpto
418 798 624 861 spirituiuroiis,
636 799 720 848 subito
729 799 861 862 irruentes,
874 801 1010 864 evaginatis
1021 800 1110 863 gladiis
1119 805 1145 849 et
1156 800 1343 849 aliisannorum

286 863 418 922 generibus,
440 865 569 926 quosdam
593 879 684 912 eorum
708 881 784 927 super
810 865 908 914 Altaria
929 866 1084 926 inclinantes,
1102 865 1163 914 alios
1185 879 1344 928 quocumque

287 926 439 990 diffugientes
452 933 576 991 poterant
593 929 715 990 invenire,
731 931 851 980 atrociter
864 930 1068 990 vulneraverunt,
1088 931 1258 989 verberarunt
1270 935 1296 978 et
1311 929 1343 976 ad

287 995 377 1040 ten-am
395 999 562 1056 prostrarunt,
577 998 638 1057 post
659 995 751 1043 caudas
773 1010 897 1058 equorum
917 1000 1057 1056 traxerunt,
1081 999 1107 1044 ct
1128 993 1299 1044 inhumaniter
1318 999 1344 1042 ct

287 1056 368 1104 viliter
377 1063 558 1119 tractaverunt,
570 1059 720 1122 sangrrinem
731 1075 832 1123 quoque
847 1060 874 1109 in
891 1060 1000 1110 Ecclesia
1011 1061 1057 1109 Dei
1069 1061 1219 1120 effuderunt,
1232 1059 1342 1122 aliasque

287 1127 381 1170 atroces
399 1123 504 1186 injurias
531 1129 559 1173 et
586 1129 686 1172 metum
709 1125 798 1173 mortis
815 1125 851 1174 eis
870 1125 1021 1184 intulerunt,
1037 1125 1215 1174 sacerdotalem
1240 1125 1343 1186 insuper

289 1185 401 1234 habiturn
427 1205 503 1251 quem
532 1189 668 1252 gestabunt
696 1191 805 1252 turpiter
831 1189 1036 1250 dehonestarent,
1066 1189 1238 1238 extremitates
1267 1205 1295 1236 cn
1314 1205 1342 1236 u-

287 1251 382 1300 elorum
405 1252 455 1301 iere
477 1269 559 1318 usque
579 1255 612 1303 ad
630 1253 742 1302 medium
762 1259 788 1304 st
802 1255 961 1304 summitates
981 1255 1132 1318 capellarum
1154 1271 1217 1318 quas
1239 1205 1342 1318 quiliim

286 1317 421 1378 portabant
431 1318 463 1366 ad
474 1319 582 1368 modum
596 1319 677 1368 rasilis
693 1334 781 1368 rororis
792 1325 961 1382 amputantes,
973 1320 1111 1370 sevientem
1128 1335 1216 1368 eorum
1231 1319 1342 1368 furorem

287 1379 312 1428 in
335 1381 412 1430 bruta
432 1383 556 1445 animalia,
585 1384 719 1446 palefridos
746 1385 841 1433 scilicet
867 1389 894 1434 et
916 1401 993 1448 equos
1014 1401 1101 1434 eorum
1123 1385 1260 1448 dirigendo,
1282 1399 1341 1433 nam

286 1447 445 1507 quorundam
457 1465 487 1497 ex
507 1451 542 1498 eis
561 1465 642 1510 aures,
660 1449 759 1510 caudas,
778 1454 805 1498 ct
821 1449 947 1512 superiora
964 1449 1029 1498 labie
1043 1450 1155 1500 totaliter
1174 1449 1342 1509 absciderunt,

286 1513 409 1572 quosdam
429 1529 485 1562 vem
505 1513 694 1572 interfecerunt,
715 1515 775 1563 alios
797 1515 955 1575 mutilarunt,
978 1521 1004 1564 et
1023 1529 1103 1576 usque
1122 1515 1154 1562 sd
1174 1514 1341 1562 ‹leteecionem

286 1577 381 1625 ossirim
399 1578 582 1640 vulnerarunt;
599 1579 740 1642 quinimmo
756 1579 911 1642 sacrilegium
929 1589 955 1628 ct
972 1581 1083 1642 rapinum
1101 1596 1129 1627 ac
1140 1579 1187 1628 ulia
1199 1579 1341 1628 enormis-

286 1657 337 1702 que
360 1643 463 1704 longum
490 1652 526 1692 est
554 1645 922 1700 enumerare-commiserunt,
945 1647 971 1693 in
999 1645 1179 1693 contumeliam
1209 1643 1339 1702 Creatoris,

286 1712 461 1770 contemptum
474 1709 589 1770 Ecclesia,
599 1713 625 1758 et
635 1709 804 1759 Ecclesiastico
815 1707 939 1759 libertatis
948 1710 1142 1758 subversionem.
1173 1709 1245 1768 Cum,
1257 1708 1341 1771 igitur,

287 1777 390 1834 propter
408 1773 468 1821 iacti
485 1773 639 1822 evidenciam
662 1775 730 1838 quod
748 1775 910 1824 menifestum
930 1781 957 1823 et
974 1775 1102 1824 notorium
1120 1773 1207 1824 existit
1226 1790 1255 1822 eo
1275 1773 1342 1836 quod

288 1837 358 1886 nrdla
377 1838 581 1900 tergiversacione
600 1839 674 1888 celari
693 1839 792 1902 poterit,
813 1845 900 1888 contra
918 1840 1027 1902 prelatos
1047 1839 1184 1899 sacrileges,
1205 1853 1341 1900 eorumque

287 1907 402 1951 auctores
424 1908 450 1951 et
472 1903 591 1965 fautores,
611 1909 734 1967 tanquam
756 1909 843 1953 contra
871 1905 981 1953 notorius
1005 1909 1204 1967 transgressores,
1228 1903 1342 1962 exigente

287 1967 395 2029 justicia,
417 1983 547 2030 possemus
575 1969 657 2017 acrius
682 1970 821 2032 procedere,
847 1969 879 2018 ob
904 1969 1078 2029 reverenciam,
1096 1983 1190 2028 tamen,
1207 1967 1342 2030 personalis

287 2032 399 2081 absencia
423 2031 525 2082 Domini
547 2034 629 2096 Regis,
642 2039 669 2082 st
690 2035 807 2084 fiduciam
830 2049 906 2096 quam
932 2035 964 2084 ab
982 2035 1122 2083 intencione
1145 2033 1237 2082 mentis
1259 2037 1343 2080 nostre

287 2097 400 2146 wtaliter
410 2095 524 2147 abdicare
538 2115 588 2147 nun
606 2100 736 2160 clidemus,
755 2115 835 2162 quum
855 2105 1047 2161 transgressores
1058 2097 1206 2162 hujusmodi
1218 2103 1244 2146 ct
1255 2113 1342 2144 eorum

289 2163 427 2224 complices,
452 2169 581 2212 annuente
607 2162 724 2224 Domino,
747 2165 779 2213 ad
810 2181 851 2213 cor
879 2165 1009 2224 reversuri,
1038 2165 1159 2226 condigne
1181 2162 1342 2220 satisfaciant,

287 2228 459 2277 execucionem
470 2229 535 2291 juris
546 2229 579 2278 sd
591 2233 691 2292 tempus
703 2229 852 2290 differentes,
865 2229 1016 2278 Discrecioni
1027 2234 1109 2278 vestre
1120 2235 1167 2276 cic.
1185 2227 1342 2286 mandamus,

288 2292 315 2340 in
327 2292 421 2343 virtute
436 2293 579 2342 obediencie
597 2298 624 2342 et
641 2291 690 2342 sub
707 2309 771 2357 pena
787 2294 902 2342 canonica
920 2295 1026 2342 firmiter
1040 2293 1209 2357 injungentes,
1224 2291 1344 2355 quatinus

288 2373 375 2406 omnes
393 2357 502 2421 prelatos
521 2358 652 2422 semilegos
671 2373 729 2407 cum
752 2373 838 2407 eorum
857 2359 1001 2408 auctoribus
1012 2357 1199 2416 etlautoribus,
1215 2363 1242 2406 et
1258 2371 1344 2404 omnes

289 2437 370 2484 opem,
392 2423 514 2472 auxilium
537 2427 565 2472 et
591 2423 730 2484 consilium,
747 2423 877 2472 sudreiam
900 2429 927 2472 et
948 2424 1101 2480 comitivam,
1123 2439 1181 2471 cum
1203 2423 1344 2470 intencione

288 2487 441 2549 malignandi
468 2489 503 2536 eis
531 2493 679 2551 prestantes,
704 2489 730 2537 in
759 2488 902 2538 cathedrali
931 2489 1040 2538 Ecclesia
1067 2491 1160 2548 nostra,
1183 2493 1208 2535 et
1230 2486 1343 2562 singulis,

289 2553 432 2615 collegistis
467 2569 495 2601 ac
524 2553 708 2602 Paroehialibus
734 2553 850 2602 Eccleeiis
871 2558 957 2602 nostre
980 2551 1099 2612 Diocesis,
1121 2553 1226 2615 singulis
1249 2549 1343 2600 Dsebus

288 2615 434 2677 Dominicis,
451 2618 559 2667 accensis
578 2619 687 2667 candelis
705 2623 732 2666 et
751 2617 857 2680 pulsatis
874 2618 1008 2681 campanis,
1020 2619 1046 2666 in
1064 2633 1182 2666 mnorrcur
1201 2617 1278 2665 lutere
1292 2615 1343 2664 sive

288 2681 411 2744 incidisse,
429 2683 484 2744 ipso
498 2683 572 2741 iacto,
593 2683 692 2746 publica
709 2688 736 2732 et
748 2683 909 2746 solempniter
926 2683 1050 2732 nunciatis
1066 2690 1091 2731 ct
1107 2681 1220 2731 nunciari
1237 2679 1342 2740 faciatis,

287 2763 420 2810 quousque
431 2747 499 2796 aliud
510 2764 524 2796 a
536 2747 607 2796 nobis
618 2748 759 2811 receperitis
771 2748 797 2796 in
809 2748 940 2797 mandatis.
975 2748 1077 2796 Proviso
1088 2747 1156 2810 quod
1171 2747 1261 2795 harum
1273 2750 1344 2794 tenor

288 2817 316 2860 et
342 2813 454 2874 effectus,
479 2819 613 2862 convocato
639 2813 705 2861 clero
732 2813 777 2876 qui
795 2815 898 2862 comode
925 2813 1011 2862 adesse
1038 2811 1138 2876 poterit.
1163 2811 1190 2860 in
1218 2811 1344 2874 presencia

288 2876 526 2926 Archidinconorum
537 2878 700 2942 solempniter
710 2878 736 2926 in
754 2877 843 2941 majori
862 2878 969 2927 Ecclesia
990 2876 1125 2926 Exoniensi
1138 2875 1343 2940 publicetursine

288 2957 363 2990 mora.
402 2943 478 3002 Hanc,
496 2947 582 2991 autem
604 2943 824 2992 denunciscionem
845 2944 876 2991 ad
895 2959 1012 3006 personas
1033 2942 1132 2992 Ricardi
1150 2941 1181 2990 de
1202 2940 1343 3001 Almsnniu,

289 3007 343 3055 nati
362 3008 436 3070 Regis
453 3007 592 3069 Almsnnie,
609 3008 740 3072 Guydonis
759 3008 791 3056 de
808 3009 919 3068 Nonant,
934 3008 1054 3066 Militum,
1068 3005 1191 3056 Juhannis
1205 3007 1236 3054 de
1252 3005 1344 3066 insula,

290 3072 413 3120 iohannis
430 3073 539 3137 Heyron,
559 3073 674 3121 Mauricii
694 3073 813 3136 Caperon,
825 3079 852 3121 et
870 3073 970 3122 liicardi
990 3073 1094 3132 Garron,
1106 3071 1156 3134 qui,
1170 3071 1201 3120 ud
1220 3071 1344 3134 gremium

293 3137 401 3185 Ecclesia
417 3139 559 3198 redeuntes,
571 3143 638 3186 stare
653 3137 778 3186 mandatis
795 3135 911 3198 Ecclesie,
923 3137 981 3186 lesis
997 3137 1144 3198 satisfacere,
1157 3143 1184 3186 ct
1198 3135 1346 3198 condignam

290 3202 456 3264 penitenciam
490 3218 614 3266 peregere,
646 3207 830 3252 sacramentum
858 3203 1023 3266 prestiterunt
1050 3201 1169 3264 coporale,
1200 3200 1345 3250 nullatenus

290 3267 393 3315 extendi
405 3267 527 3316 volumus
570 3267 690 3328 Qualiter,
707 3273 803 3324 autam,
820 3269 969 3316 mandatum
987 3271 1102 3316 nostrum
1121 3265 1220 3315 lueritis
1238 3265 1345 3328 executi,

288 3347 335 3394 per
359 3331 456 3382 literas
477 3337 573 3381 vestras
601 3333 719 3381 Patentes
746 3333 837 3381 harum
862 3333 950 3382 seriem
978 3332 1135 3381 continentes
1163 3346 1208 3380 nos
1234 3330 1345 3381 reddatis

289 3397 414 3446 cerciores
449 3397 545 3446 Datum
556 3401 603 3446 etc
624 3399 665 3454 (ut
675 3399 846 3458 menelei&

188 3516 232 3528 -
249 3477 415 3630 nglragplp
439 3477 630 3544 committed
653 3478 700 3563 by
728 3477 786 3542 the
817 3478 921 3544 Earl’s
949 3477 1101 3543 Stewsrd
1124 3477 1255 3563 against
1284 3477 1341 3542 the

334 3585 355 3628 u
416 3601 468 3640 ‚-

259 3668 337 3718 Anno
348 3669 444 3730 eodem,
455 3670 524 3733 apud
536 3669 616 3734 Clyst,
628 3669 669 3718 die
687 3668 759 3718 Lune
778 3667 892 3732 proxima
910 3673 969 3732 post
985 3668 1090 3718 Festum
1109 3667 1257 3717 Nativitatis
1269 3667 1345 3718 Beate

293 3734 371 3782 ilaris
387 3733 497 3798 Virginis
513 3735 557 3798 [10
576 3735 644 3798 Sept
669 3733 749 3796 12741,
768 3733 895 3783 emanavit
911 3733 969 3783 talis
986 3733 1070 3782 litera
1085 3733 1132 3782 sub
1144 3731 1225 3796 sigillo
1242 3731 1346 3782 Domini

295 3799 448 3863 Exoniensis,
473 3800 500 3849 in
528 3801 576 3850 hac
603 3799 706 3848 forma:
730 3799 864 3859 Walterus,
892 3797 1052 3848 miseracione
1080 3797 1171 3846 Divina
1199 3795 1347 3847 Exoniensis

293 3864 437 3929 Episcopus,
450 3865 548 3916 dilectis
560 3865 617 3914 filiis
629 3863 810 3914 archidiacono
822 3863 956 3926 (lornubie,
967 3863 1007 3913 vel
1024 3863 1080 3926 ejus
1097 3862 1210 3922 Officiali,
1223 3859 1250 3908 Μ
1284 3860 1290 3872 ’
1305 3865 1345 3911 tro

293 3929 401 3980 Johanni
412 3931 444 3981 de
456 3931 575 3998 Wythiel,
587 3935 615 3980 et
626 3930 726 3979 Decsno
744 3929 776 3978 de
795 3929 958 3992 Poudresyrs,
975 3928 1091 3988 salutem,
1109 3925 1225 3990 graciam,
1236 3931 1264 3973 et
1291 3939 1346 3973 ene·

294 3994 434 4048 diceionem.
486 3999 565 4048 Fama
581 3994 712 4045 communi
734 4009 784 4056 que
803 3993 929 4042 notorium
950 3993 1068 4042 inducere
1092 3991 1193 4040 videtur
1212 3990 1348 4051 deferente,

293 4061 404 4112 dolenter
422 4063 559 4114 referentes
586 4077 669 4126 nuper
691 4059 918 4136 accepimuslquod
937 4057 1109 4134 Ricardus'de
1129 4057 1246 4128 Sestone,
1269 4052 1349 4114 Miles,

293 4125 444 4180 Senescallus
463 4129 563 4181 Nobilis
581 4127 630 4178 viri
649 4127 754 4176 Domana
773 4124 880 4174 Oomrtrs
899 4123 1032 4182 eomubre,
1049 4121 1154 4170 dilectos
1169 4117 1233 4166 filios
1251 4119 1350 4166 nothos

289 4191 416 4259 Rogemm,
425 4197 560 4248 Rectorem
568 4191 680 4246 Ecclesia
691 4190 724 4239 de
735 4185 911 4251 Nasionteyn,¹
921 4188 1053 4250 Rogerum,
1061 4187 1212 4248 perpetuum
1221 4177 1349 4228 vicarium

183 4311 194 4343 ¹
220 4313 259 4362 is.
279 4313 314 4364 St
335 4317 533 4374 Petroekmor
553 4313 714 4383 (commonly
731 4309 811 4360 called
830 4307 846 4332 “
857 4307 936 4357 mals
951 4303 1121 4361 Parhalum
