3224 4984
561 383 773 443 msceres
797 383 1014 441 scaminus.

556 541 1005 710 WILLIAMIliRIwERs.

665 765 738 828 (sn.
752 765 911 825 uss-1244).

165 839 266 908 Ssint
290 843 483 912 Crantock
514 846 587 912 and
613 847 926 912 Alternou—Grsut
945 851 980 911 to
1005 845 1062 910 the
1088 843 1212 930 Bishop
1236 843 1282 929 by
1305 843 1363 909 the

259 930 362 998 Prior
378 934 418 1000 of
438 934 647 998 Montecute
660 958 711 998 ε·-

216 1033 346 1084 Omnstrus
358 1037 467 1087 Christi
487 1037 611 1086 fidelibus
628 1038 658 1086 sd
674 1053 737 1100 quos
749 1037 877 1100 Scriptum
889 1051 989 1100 presens
1006 1035 1146 1099 pervenerit
1158 1035 1246 1084 Frater
1258 1034 1362 1094 Marcus,

179 1095 285 1148 humilis
304 1101 380 1150 Prior
400 1103 508 1151 Montis
532 1103 616 1160 Acuti,
637 1108 664 1150 et
681 1103 795 1163 ejusdem
820 1102 877 1150 Loci
903 1100 1054 1160 Conventus,
1077 1105 1189 1149 sternam
1208 1099 1235 1148 iu
1256 1099 1365 1148 Domino

188 1163 459 1215 salutem-Noverit
472 1167 635 1216 Universitas
649 1173 731 1215 restis
742 1183 794 1226 nos,
807 1166 918 1216 caritatis
932 1166 1037 1225 intuitu,
1048 1165 1080 1214 de
1091 1165 1218 1213 communi
1233 1164 1363 1214 voluntem

190 1233 283 1286 nostre,
296 1245 398 1280 necnon
411 1232 525 1280 Domini
545 1232 649 1279 Abbotia
667 1230 838 1280 Cluniscensis
854 1247 964 1290 assensu,
981 1229 1085 1290 dedisse,
1102 1229 1257 1285 concessisse,
1274 1234 1301 1276 et
1317 1229 1363 1278 huc

195 1295 304 1353 presenti
321 1294 399 1344 Carta
417 1302 512 1344 nostru
530 1295 688 1344 wnlinnasse
705 1297 765 1354 Deo,
777 1301 805 1344 et
825 1295 934 1344 Ecclesie
948 1295 1023 1343 [teate
1034 1295 1143 1356 Virginis
1155 1294 1232 1342 Murie
1244 1299 1270 1340 st
1290 1291 1361 1342 Beat-

199 1373 269 1406 eruui
285 1360 471 1422 Apostolorum
485 1361 556 1410 Petri
568 1367 594 1408 et
607 1362 683 1412 Pauli.
697 1375 723 1409 ec
736 1361 877 1408 Venerabili
887 1360 963 1418 Petri,
977 1361 1085 1408 Domino
1094 1359 1218 1406 Willelrno
1227 1357 1362 1421 [Bi-iwerel,

203 1421 336 1472 Excnicnsi
358 1426 497 1488 Episcopo,
520 1431 548 1474 et
570 1427 626 1488 ejus
648 1427 836 1484 successoribus,
860 1425 981 1488 quioquid
1008 1423 1072 1488 juris
1093 1439 1207 1487 rmqusm
1230 1423 1363 1472 habuimus

205 1486 286 1549 ulique
296 1493 411 1552 tempore
422 1491 557 1553 preterito,
569 1491 607 1538 vel
619 1491 645 1538 in
660 1496 789 1553 posterum
800 1491 884 1552 aliquo
895 1505 952 1538 cusu
965 1489 1055 1538 habere
1066 1503 1202 1552 possemus,
1214 1487 1239 1536 lu
1253 1487 1362 1537 Ecclesis

208 1551 292 1600 Sancti
309 1555 447 1604 Ksrentoci
465 1557 492 1604 in
515 1555 649 1613 cornubie,
664 1571 722 1604 cum
739 1555 856 1604 omnibus
873 1555 1033 1618 pertinenciis
1046 1553 1106 1614 suis,
1126 1553 1195 1602 nullo
1215 1553 1285 1600 nobis
1305 1553 1361 1616 jure

209 1617 309 1677 penitus
323 1619 350 1667 in
367 1621 457 1668 eedem
473 1625 618 1678 reservstc3
636 1621 776 1668 habendam
799 1625 825 1668 et
842 1620 977 1668 tenendam
994 1619 1102 1667 Domino
1118 1618 1250 1677 Willslmo,
1262 1623 1289 1666 et
1307 1617 1362 1680 ejus

208 1685 389 1756 successoribus
410 1685 560 1733 Excniensis
581 1685 688 1734 Ecclesie
709 1685 848 1760 Episcopis,
867 1684 950 1742 libere,
970 1684 1062 1747 quiete,
1086 1683 1189 1758 integre,
1214 1687 1240 1730 et
1257 1683 1362 1744 pacifice,

207 1753 418 1872 suffitus,
434 1750 975 1876 „stlitelsffstdtssltusut
989 1747 1167 1862 {bestisi
1185 1746 1364 1875 bustis

208 1875 279 1924 Petri
301 1883 328 1926 et
343 1878 421 1938 Pauli,
445 1885 472 1927 et
495 1879 625 1928 canonicis
648 1880 719 1928 Beati
741 1879 810 1927 Petri
834 1879 987 1937 Exoniensis,
1007 1879 1039 1926 de
1061 1878 1188 1926 cummuni
1213 1877 1314 1926 consilio
1336 1883 1364 1926 et

207 1941 340 1990 voluntate
357 1949 450 2002 nostra,
471 1959 567 1992 necnon
586 1950 612 1992 et
628 1960 729 1992 assensu
748 1943 850 1992 Domini
868 1943 973 1991 Abbatis
992 1942 1166 2000 Oluniucensis,
1180 1941 1314 1990 Ecclesiam
1332 1942 1363 1990 de

207 2005 333 2055 Alterncn
344 2007 370 2056 in
389 2009 523 2066 Cornubis,
541 2025 598 2057 cum
611 2009 727 2057 omnibus
744 2009 796 2056 suis
813 2007 979 2071 pertinenciis,
996 2012 1023 2056 et
1038 2007 1157 2070 quicquid
1170 2007 1233 2069 juris
1250 2023 1362 2070 unquam

207 2070 235 2118 iu
249 2071 345 2131 oedem,
352 2072 436 2135 aliquo
448 2073 525 2122 titulo
537 2073 576 2122 vel
588 2074 695 2134 nomine,
707 2073 849 2132 habuimus,
861 2073 934 2121 rolin
942 2077 1077 2136 posterum,
1085 2087 1245 2134 quocumque
1255 2071 1362 2128 nornine,

208 2135 303 2184 hebere
320 2153 457 2198 possemus,
477 2139 554 2186 nichil
572 2139 642 2186 nobis
658 2139 759 2202 ponitus
781 2138 807 2186 in
830 2137 916 2186 eadem
940 2137 1049 2186 Ecclesia
1068 2137 1107 2185 vel
1130 2136 1186 2198 ejus
1205 2135 1364 2198 pertinenciis

206 2207 381 2262 roeerrsntes3
398 2203 535 2251 tenendum
547 2210 573 2252 et
589 2203 728 2252 habendam
746 2202 857 2265 predicto
872 2201 989 2264 Ospitulo
1007 2201 1142 2250 Exoniensi
1159 2201 1186 2250 in
1205 2207 1363 2264 perpetuum,

208 2265 294 2326 libere,
307 2267 399 2328 quiete,
414 2267 518 2331 integre,
530 2274 556 2316 et
567 2267 673 2331 pacifice,
686 2283 744 2316 cum
756 2267 872 2316 omnibus
883 2267 998 2315 rebusad
1010 2282 1064 2314 eam
1072 2265 1264 2329 pcrtinentibus,
1277 2265 1364 2314 usibus

209 2329 260 2378 illis
276 2331 371 2379 scilicet
387 2333 546 2394 profuturam
566 2333 596 2380 sd
615 2349 677 2395 quos
694 2332 819 2380 Dominus
838 2331 986 2391 Willelmus,
1006 2330 1153 2380 Exoniensis
1173 2331 1317 2392 Episcopus,
1339 2335 1365 2379 et

209 2395 359 2457 Capitulum
379 2397 526 2458 Exoniense,
544 2398 576 2446 de
593 2397 720 2446 communi
740 2412 827 2446 eorum
846 2396 976 2445 voluntate
989 2401 1015 2444 et
1029 2411 1139 2454 msensu,
1159 2395 1227 2444 illem
1245 2395 1365 2444 duxerint

207 2460 388 2522 deputandum.
435 2462 465 2510 In
485 2463 558 2524 ciijus
580 2463 615 2510 rei
641 2467 788 2526 perpetuam
810 2461 956 2510 firmitatem
976 2467 1003 2510 et
1027 2460 1241 2509 confirmacionem
1258 2475 1364 2574 presens

208 2525 339 2587 Scriptum
359 2526 446 2589 sigillis
466 2527 557 2576 nostris
576 2527 696 2576 duximus
713 2526 888 2575 roborandum.
896 2525 1017 2574 -Actum
1037 2527 1111 2574 Anno
1123 2525 1211 2574 Grecis
1232 2523 1265 2574 M·
1278 2525 1364 2574 lesimo

209 2589 385 2638 ducentesimo
393 2591 519 2640 tricesimo
530 2597 609 2652 sexto,
621 2593 706 2640 ldcnse
715 2590 732 2639 J
734 2591 785 2640 ulii.

243 2654 370 2704 sederes
381 2657 520 2706 :·-“Csrts
542 2657 633 2706 Prioris
651 2656 745 2705 Montis
760 2655 837 2705 Acuti
852 2671 927 2718 super
946 2655 1055 2704 Ecclesia
1070 2653 1156 2704 Sancti
1177 2654 1321 2716 Ksrenwci,
1338 2659 1364 2704 et

208 2719 340 2768 Alternon
376 2720 502 2782 [Stitched
513 2723 539 2770 iu
551 2727 578 2771 st
590 2721 633 2770 the
644 2723 693 2771 eud
705 2721 731 2770 of
742 2721 787 2770 the
799 2721 931 2784 Registcrl.

210 2833 319 2898 Grani
334 2832 445 2917 bythe
455 2833 578 2919 Bishop
594 2839 629 2899 to
644 2833 701 2899 the
711 2833 948 2900 Reclusoriem
960 2833 1067 2898 which
1080 2833 1197 2898 hebed
1209 2833 1364 2913 founded,

297 2919 382 2984 hard
396 2920 442 3005 by
457 2921 514 2986 the
530 2921 652 3006 Chapel
667 2920 703 2985 of
718 2922 769 2986 St.
785 2921 961 2996 Laurence,
976 2925 1012 2985 at
1028 2919 1185 2985 Creditou
1195 2945 1246 2984 :-

244 3023 369 3072 Omnibus
384 3025 476 3073 Sancte
494 3025 583 3073 Matris
604 3024 711 3074 Ecclesia
731 3023 789 3073 filiis
808 3024 840 3073 ad
863 3040 926 3088 quos
945 3024 1027 3072 Liters
1047 3029 1174 3087 presentes
1194 3024 1362 3088 pervenerint,

210 3087 354 3136 Willelmus
366 3085 504 3152 [Briwere],
519 3091 566 3138 Dei
581 3090 663 3152 praeis
680 3089 829 3138 Exoniensis
841 3089 949 3138 Ecclesia
966 3090 1081 3138 Minister
1097 3089 1208 3145 humilis,
1220 3089 1327 3138 salutem
1340 3089 1366 3139 iu

210 3153 301 3202 sslufis
320 3152 435 3203 Auctore.
470 3155 576 3203 Noverit
591 3155 747 3204 Universitss
763 3160 846 3203 vestre
862 3169 914 3214 nos,
933 3153 1023 3202 Divine
1040 3154 1149 3203 caritatis
1167 3153 1270 3212 intuitu,
1283 3159 1309 3202 et
1322 3170 1367 3216 pro

211 3218 293 3266 salute
304 3218 388 3267 anime
398 3224 483 3268 nostre
490 3225 517 3268 et
527 3225 711 3268 autecessorum
720 3225 748 3268 et
754 3235 923 3268 successorum
936 3223 1086 3279 nostrorum,
1096 3219 1243 3267 Exoniensis
1260 3219 1368 3268 Ecclesia

212 3282 402 3346 Episcopcrum,
424 3284 530 3344 dedisse,
554 3284 709 3344 concessisse,
732 3289 759 3334 et
775 3285 821 3333 bsc
845 3283 955 3346 presenti
975 3285 1051 3332 Certo
1076 3299 1132 3332 mee
1150 3283 1316 3344 confirmasse,
1339 3285 1366 3334 iu

213 3347 326 3407 liberam,
349 3363 446 3412 puram.
462 3353 489 3398 et
511 3354 658 3412 perpetuam
678 3349 845 3409 elemosinam,
862 3348 916 3396 Deo
935 3353 962 3397 et
979 3347 1121 3398 Reclusorio
1138 3349 1207 3412 quod
1225 3348 1253 3396 in
1274 3349 1367 3398 honore

214 3413 328 3461 Glorioso
354 3413 465 3477 Virginis
493 3414 570 3462 Muris
592 3413 754 3464 fundavimus
777 3419 804 3462 et
824 3413 1001 3474 dedicavimus,
1029 3413 1105 3476 juxta
1133 3411 1259 3476 Cepellsm
1281 3411 1368 3463 Sancti

215 3477 355 3538 Laurencii,
369 3479 395 3527 in
404 3493 470 3528 noro
481 3480 566 3542 Burgo
577 3483 663 3528 nostro
674 3479 706 3527 ds
718 3477 853 3538 Oriditone,
863 3483 889 3527 et
905 3477 988 3528 Fratri
999 3477 1127 3538 Nicholso,
1139 3479 1207 3527 illius
1218 3477 1277 3528 leci
1288 3479 1369 3542 primo

215 3541 324 3603 lncluso,
335 3547 362 3592 et
378 3545 497 3594 omnibus
512 3544 694 3594 successoribus
705 3543 757 3592 suis
773 3543 865 3592 ibidem
883 3543 937 3592 Deo
950 3543 1124 3604 servientibm,
1141 3547 1227 3592 totum
1242 3543 1284 3606 jus
1301 3544 1370 3606 quod

215 3607 345 3668 habemus,
357 3609 397 3658 vel
408 3625 453 3658 uos
470 3609 511 3658 vel
527 3625 679 3658 successores
699 3609 786 3666 nostri,
798 3609 951 3658 Exouieuses
967 3607 1090 3672 Episcopi,
1111 3607 1203 3658 hebere
1223 3609 1369 3671 poterimus,

216 3673 242 3722 in
253 3677 380 3738 terreque
397 3679 502 3724 vocetur
518 3675 591 3723 Mons
606 3671 732 3735 Joeeelini,
749 3673 776 3722 in
794 3673 904 3722 Munerio
915 3677 1002 3722 nostro
1018 3673 1049 3722 de
1061 3673 1207 3734 cudimus,
1224 3673 1299 3722 salvis
1313 3677 1370 3722 octo

216 3737 300 3787 solidis
319 3739 498 3804 sterlingomm
518 3739 590 3788 nobis
611 3743 638 3788 et
657 3738 840 3789 successoribus
858 3738 951 3788 nostris
970 3739 1101 3788 snnustim
1121 3738 1153 3787 de
1175 3737 1287 3802 predicte
1304 3743 1372 3788 terre

217 3803 457 3866 persolvendis-ln
480 3805 555 3868 cujus
571 3805 607 3854 rei
623 3804 798 3854 testimonium
810 3803 919 3868 presenti
933 3803 1008 3852 Certe
1024 3807 1109 3852 nostre
1126 3803 1236 3866 sigillum
1254 3807 1370 3852 nostrum

217 3869 336 3918 duximus
344 3885 376 3934 ap
409 3871 663 3920 nendum-Datum
683 3869 752 3934 spud
764 3867 894 3918 Criditene
910 3868 1051 3916 Manedum
1063 3872 1185 3930 nostrum,
1197 3867 1275 3916 tercio
1286 3867 1372 3916 Nonus

216 3933 358 3985 Decembris
386 3939 401 3986 3
417 3935 498 3996 Dec.],
512 3935 586 3984 Anno
598 3935 686 3986 Gracia
697 3935 737 3983 M⁰
749 3933 804 3984 000
815 3933 841 3982 xl
852 3932 969 3994 secundo,
982 3931 1179 3981 Oonsemccionis
1193 3935 1277 3980 nostre
1294 3944 1371 3978 nono·

217 3999 312 4048 decimo
324 4017 330 4059 ;
341 4016 424 4050 comm
436 3999 547 4051 Domino
558 4001 662 4062 lhoms,
677 3998 853 4049 Arctidtsccnc
868 3997 991 4058 Tcucnie;
1010 3997 1118 4046 Domino
1136 3995 1253 4054 Henricc,
1268 3992 1372 4042 rueme.

220 4065 288 4113 ruric
314 4065 448 4117 Crids'tcnr'e
470 4073 494 4116 et
517 4065 638 4118 Ocuoar'cc
660 4065 767 4120 lmese
794 4062 913 4125 Magistro
941 4064 1037 4124 Rogero
1062 4062 1094 4109 de
1121 4061 1199 4120 Terin,
1219 4065 1246 4107 et
1264 4057 1374 4106 Domino

221 4129 327 4180 Mertinc
344 4132 525 4193 Prodhumms,
543 4131 633 4182 &onie
646 4131 796 4186 Genetricis,
813 4125 922 4175 Domino
942 4127 1083 4190 Benjamin,
1100 4129 1126 4172 et
1146 4124 1255 4174 Domino
1271 4119 1378 4192 Ehoms,

223 4193 356 4258 capellam,
369 4197 510 4249 Ordditcnie
522 4197 668 4260 Osmida
685 4193 799 4246 Domino
809 4192 906 4241 Thoms
922 4192 953 4240 de
964 4191 1126 4249 Tettebume,
1136 4189 1233 4244 murm
1250 4181 1379 4258 Wsslqlmo

220 4259 243 4310 le
252 4261 324 4325 Pron,
335 4265 435 4328 juniore
445 4281 453 4325 ;
472 4265 609 4316 Lsumneio
620 4265 672 4316 filio
685 4257 788 4312 Ricsrdi
799 4269 806 4316 ;
825 4256 940 4306 Johanne
951 4255 1003 4304 filio
1014 4253 1128 4308 Androm
1146 4259 1173 4300 et
1183 4249 1273 4300 mulos
1284 4242 1346 4295 elus.

250 4327 374 4382 succes
386 4329 565 4384 ;-0riditone
609 4323 744 4396 [Stitched
755 4322 783 4372 in
793 4325 820 4372 st
831 4321 876 4371 the
887 4319 937 4370 eud
947 4319 974 4370 oi
984 4319 1029 4370 the
1045 4315 1177 4379 Resistet}
