3252 4984
577 451 759 506 caunum
775 450 907 506 merx.
1013 453 1014 456 ‘
1240 441 1310 510 401

257 609 448 675 improbabilem
472 611 653 674 pretendentes
679 609 759 674 ipsam
785 610 812 659 in
838 610 945 660 dubium
963 611 1104 660 voluntarie
1126 627 1240 662 revocare
1259 612 1311 661 mol

257 676 352 726 iuntur.
406 677 451 737 Ut,
480 675 566 740 igitur,
593 675 736 724 omnimode
770 674 908 724 dubietatis
935 676 1085 739 scriptulum
1118 677 1182 726 circa
1214 677 1312 726 iactum

258 741 429 790 Ordinacionis
458 745 544 790 nostre
571 745 651 789 cesset
681 740 707 789 in
735 738 861 799 futurum,
890 756 942 802 nos,
968 741 1174 791 convenientibus
1201 758 1230 791 ac
1256 757 1311 806 pre·

256 806 371 856 sentibus
398 806 498 856 Decano
522 809 549 854 et
572 803 689 868 Capitulo
715 809 801 854 nostre
828 805 976 854 Exonieusis
1005 807 1119 866 Ecclesia,
1143 808 1170 856 in
1197 807 1312 870 ejusdem

256 871 366 920 Ecclesia
382 870 506 934 Capitulo,
517 885 614 919 necnon
631 869 739 919 Domino
757 869 882 919 Willelmo
896 871 929 919 de
944 871 1131 934 Puntpngtone,
1144 877 1206 921 tunc
1223 871 1308 921 Archi·

256 936 360 986 diacono
378 935 497 986 'l'ottonie
507 939 534 984 et
544 935 714 999 predictarum
725 935 848 984 domuum
859 935 1000 985 habitatore
1011 951 1040 985 ac
1050 936 1152 1001 pacifico
1163 952 1310 1000 possessore,

256 1001 361 1064 aliisque
377 1015 487 1065 quorum
502 1001 623 1050 intererat
638 999 665 1048 iu
681 999 728 1048 bac
744 1005 816 1063 parte
833 1001 997 1064 presentibus,
1009 1001 1114 1065 ipsoque
1130 1001 1310 1051 Archidisocno

256 1065 398 1130 predictum
409 1080 519 1126 censum,
531 1081 576 1114 seu
587 1065 716 1114 redditum
726 1080 848 1124 annuum,
860 1081 905 1129 pro
915 1065 1064 1130 hujusmodi
1080 1065 1153 1116 obitu
1170 1067 1310 1128 annuatim,

257 1135 288 1180 ut
298 1131 464 1195 premittitur,
476 1130 631 1191 celebrando,
642 1145 674 1179 ex
684 1129 710 1179 vi
724 1127 899 1180 ordinacionis
918 1131 1036 1194 predicte,
1045 1136 1135 1194 sponte
1145 1147 1228 1181 coram
1239 1131 1312 1180 nobis

256 1196 399 1258 confitente,
411 1212 457 1260 pro
467 1211 495 1244 ae
505 1195 608 1258 suisque
624 1193 805 1244 successoribus
822 1195 921 1244 easdem
938 1196 1026 1244 domos
1041 1197 1073 1245 de
1089 1200 1172 1246 cetero
1189 1211 1310 1260 occupan-

257 1261 333 1322 tibus,
348 1277 402 1311 esse
416 1265 443 1311 et
458 1260 537 1310 iuisse
552 1259 675 1320 debitum,
684 1259 765 1308 dictos
782 1259 872 1323 viginti
888 1259 980 1309 solidos
995 1261 1086 1321 taliter,
1098 1267 1129 1310 ut
1146 1261 1310 1325 premittitur,

256 1326 361 1386 debitos,
373 1342 402 1376 ac
412 1325 485 1376 annis
492 1324 605 1388 ungulis,
617 1328 648 1374 ut
658 1324 822 1387 pretangitur,
832 1324 995 1374 exsolvendos
1011 1325 1139 1389 perpetuis
1155 1325 1311 1390 temporibus

257 1391 284 1440 in
302 1391 428 1453 futurum,
445 1391 478 1440 de
499 1405 621 1439 censensu
643 1389 756 1438 omnium
779 1389 948 1452 predictorum
970 1391 1165 1453 pronunciamus
1181 1407 1211 1440 ac
1232 1391 1311 1440 οοίιιιι

256 1455 418 1518 declaramus,
436 1471 480 1504 asu
496 1454 582 1504 saltim
603 1455 636 1503 de
657 1469 779 1504 consensu
796 1454 910 1504 omnium
926 1459 953 1504 et
969 1455 1124 1518 singulorum
1140 1455 1312 1520 predictorum

257 1521 399 1583 predictum
423 1535 538 1570 annuum
570 1533 673 1568 censum
692 1535 737 1569 seu
756 1519 886 1568 redditum
904 1535 950 1582 pro
971 1519 1044 1569 obitu
1067 1521 1194 1570 antedicto
1216 1520 1311 1570 eisdem

258 1585 383 1648 domibus,
399 1591 427 1636 et
442 1585 578 1636 habitatori
593 1585 730 1634 earundem
746 1585 792 1648 qui
809 1599 854 1662 pro
871 1589 984 1648 tempore
999 1585 1085 1646 fuerit,
1102 1601 1133 1634 er
1153 1585 1311 1635 habundanti

259 1650 420 1714 imponimus,
432 1656 459 1700 et
469 1651 553 1714 ipsum
569 1665 584 1699 a
600 1649 712 1712 personis
727 1649 870 1712 praeceptis
886 1649 935 1698 sub
951 1649 1032 1698 iormo
1048 1654 1075 1699 et
1091 1651 1166 1700 mode
1176 1650 1312 1700 antedictis

258 1717 331 1766 annis
341 1715 447 1780 singulis
457 1715 613 1779 integraliter
623 1713 717 1763 exsolvi
734 1714 824 1762 debere
835 1718 956 1778 perpetuo
967 1714 993 1763 in
1008 1714 1134 1777 futurum,
1146 1715 1178 1764 de
1188 1731 1311 1764 consensu

258 1782 373 1831 omnium
392 1781 587 1846 prescriptomm
605 1779 808 1842 pronunciamus,
828 1779 990 1841 declaramus,
1007 1780 1165 1829 deceruimus
1184 1795 1212 1829 ac
1231 1779 1310 1829 eciam

258 1845 410 1896 ordinamus
428 1847 470 1907 Et,
477 1851 509 1895 ut
519 1844 638 1908 premisse
649 1843 791 1904 declaracio,
801 1843 982 1908 pronunciatio,
990 1845 1128 1907 decretum,
1140 1850 1167 1895 et
1178 1845 1311 1895 Ordinacio

259 1911 337 1960 robur
354 1911 487 1974 optineant
502 1925 603 1959 exnunc
621 1913 742 1972 perpetue
763 1908 897 1966 firmitatis,
917 1913 971 1958 tam
988 1914 1102 1959 nostrum
1123 1925 1200 1972 quam
1217 1909 1311 1960 Decani

259 1980 286 2024 et
308 1976 419 2039 Capituli
435 1981 462 2025 at
478 1974 652 2024 Archidiaooni
669 1973 831 2037 suprascripti
846 1973 934 2037 sigilla,
946 1989 997 2023 una
1013 1990 1072 2023 cum
1088 1971 1169 2037 sigillo
1182 1975 1311 2024 communi

258 2041 356 2090 Domus
367 2040 506 2104 Hospitalis
517 2040 603 2090 Sancti
614 2037 737 2088 Johannis
750 2039 905 2098 erniensis,
917 2039 958 2087 cui
969 2039 1135 2103 quadraginta
1146 2037 1221 2090 solidi
1232 2041 1310 2089 annui

258 2106 373 2155 redditus
389 2107 421 2155 de
437 2105 532 2154 melem
548 2103 665 2153 domibus
680 2104 813 2163 debentur,
832 2103 993 2153 Presentibus
1011 2105 1072 2153 sunt
1089 2121 1202 2168 appensa.
1238 2103 1312 2153 Hanc

258 2187 359 2234 quoque
378 2175 490 2220 nostram
516 2168 706 2219 ordinacionem
729 2183 774 2216 scu
791 2169 984 2217 decimacionem
1006 2168 1032 2217 in
1055 2169 1169 2232 Regiatro
1191 2169 1312 2219 Scaccarii

258 2235 372 2299 ejusdem
384 2235 500 2295 Eeclesie,
515 2235 546 2282 ad
558 2239 707 2298 perpetuam
721 2233 757 2282 rei
772 2233 926 2294 memoriam,
940 2233 1090 2297 precipimus
1106 2235 1228 2296 annotari,
1240 2240 1267 2283 et
1280 2235 1312 2284 de

260 2301 335 2349 verbo
353 2301 385 2350 ad
401 2300 507 2350 verbum
524 2299 599 2348 inseri
616 2299 644 2347 in
664 2297 852 2357 eedem-Noa,
872 2299 965 2362 itaque,
985 2299 1099 2347 Dacanus
1112 2305 1140 2348 et
1156 2299 1310 2362 Capitulum,

260 2365 462 2426 Archidiaconus,
482 2381 511 2414 ac
538 2364 658 2427 Magister
678 2363 815 2426 Hospitalis
838 2363 924 2412 Sancti
946 2363 1069 2412 lobannis
1088 2363 1200 2427 predicti,
1223 2379 1310 2414 eorum

258 2430 372 2480 omnium
388 2445 496 2494 quorum
514 2429 657 2492 requiritur,
672 2444 717 2491 pro
739 2428 818 2488 nobis,
834 2429 977 2491 nostrisque
999 2429 1188 2490 successoribus,
1206 2429 1311 2479 Ordina-

259 2496 356 2544 cionem
373 2495 510 2559 predictam
528 2501 556 2543 et
570 2493 689 2557 premissa
705 2493 789 2541 omnia
806 2493 904 2555 plenius
919 2497 1075 2555 acceptantes
1091 2509 1119 2542 ac
1135 2494 1212 2542 eciam
1224 2509 1312 2558 apprc-

260 2560 355 2620 bantes,
375 2561 402 2609 in
421 2561 522 2623 signum
548 2559 628 2608 nostri
655 2573 797 2618 cousensus,
817 2557 898 2620 sigilla
913 2564 999 2608 nostra
1019 2559 1110 2622 apponi
1130 2559 1235 2607 fecimus
1253 2559 1313 2608 huic

260 2625 365 2688 Scripta.
400 2625 510 2688 Nosque,
527 2623 724 2673 archidiaconus
740 2621 873 2685 predictus,
885 2622 966 2671 dictos
982 2623 1072 2685 viginti
1088 2623 1179 2672 solidos
1195 2639 1240 2686 pro
1256 2624 1312 2686 ipso

259 2690 330 2739 obitu
343 2689 497 2750 celebrando,
508 2693 585 2753 prout
595 2688 711 2751 superius
722 2693 761 2736 est
771 2691 928 2748 contentum,
937 2687 1038 2736 nomine
1049 2703 1138 2736 census
1147 2689 1186 2737 vel
1198 2688 1313 2738 redditus

259 2755 386 2816 antedicti,
398 2754 446 2803 suh
462 2754 543 2803 iorma
554 2753 691 2816 prescripta
702 2768 747 2814 pro
758 2767 824 2800 auno
834 2751 954 2801 solvimus
969 2753 1022 2815 jam
1033 2753 1273 2802 instanti-Actum
1285 2755 1312 2803 in

258 2819 374 2882 Capitulo
381 2825 467 2868 nostre
478 2817 582 2878 Exunie,
593 2818 612 2881 ij
623 2818 707 2866 Nonas
720 2816 811 2879 Aprilis
818 2815 844 2877 [4
853 2815 942 2880 Aprili
952 2819 1026 2866 Anno
1035 2819 1137 2866 Domini
1146 2819 1206 2866 himo
1215 2819 1314 2868 0001110

260 2890 338 2934 sexto.
364 2884 461 2933 Datum
470 2882 664 2946 consignacionis
673 2897 724 2944 quo
735 2883 767 2930 ad
777 2897 830 2940 noa,
839 2881 991 2945 Episcopum
998 2882 1147 2945 predictum,
1156 2884 1223 2946 apud
1233 2883 1312 2932 Oridi·

258 2955 324 3008 tane,
337 2964 353 2996 x
371 2949 496 2998 Kalendas
509 2948 581 2997 lunii
600 2946 643 3010 [23
657 2945 732 3009 May],
740 2952 767 2996 et
778 2947 862 3009 quoad
878 2961 931 3008 nos,
943 2947 1073 2995 Decanum
1084 2952 1111 2996 et
1126 2945 1273 3010 Capitulum
1285 2955 1311 2998 at

258 3014 468 3063 archidiaconum
486 3013 634 3076 predictum,
646 3012 690 3076 viij
711 3011 836 3060 Kalendas
848 3012 865 3061 J
866 3011 920 3060 unii
932 3009 976 3074 [26
988 3012 1030 3060 Ma
1047 3011 1075 3072 ];
1093 3027 1196 3072 necnon,
1209 3028 1259 3076 quo
1278 3015 1311 3063 ad

259 3079 408 3142 Magistrum
425 3078 563 3142 Hospitalis
578 3077 684 3141 predicti
700 3092 717 3124 v
735 3076 860 3125 Kalendas
877 3075 949 3126 iunii
966 3075 1008 3139 [28
1029 3027 1105 3140 iay}
1118 3077 1192 3126 Anno
1210 3078 1313 3128 Domini

259 3143 479 3206 supradicto-Et
495 3147 534 3191 eat
555 3157 641 3191 rasura
657 3141 683 3190 in
699 3140 853 3190 diccionibus
875 3177 881 3190 .
906 3177 911 3189 .
935 3177 942 3190 .
965 3178 970 3190 .
994 3141 1200 3191 Arctidicconum
1222 3179 1229 3192 .
1254 3178 1260 3192 .
1280 3180 1285 3192 .
1305 3181 1311 3193 .

259 3209 410 3268 edicamus,
426 3207 541 3271 apposita
556 3213 615 3255 ante
632 3206 852 3267 consimacionem.
887 3205 1013 3268 slhsreis
1030 3223 1046 3254 a
1063 3207 1190 3270 duplicate
1207 3223 1270 3271 copy
1287 3209 1313 3258 oi

259 3274 311 3322 this
322 3271 468 3322 Document
478 3272 505 3321 in
515 3271 560 3321 the
572 3271 715 3320 Muniment
726 3271 813 3331 Reum,
826 3270 874 3319 No.
893 3272 964 3331 2135,
978 3269 1060 3320 which
1077 3272 1238 3334 corresponds
1250 3273 1312 3322 with

260 3339 304 3386 the
320 3354 388 3387 same
404 3338 510 3400 emctly,
523 3342 613 3400 except
626 3336 685 3385 that
698 3335 770 3384 there
785 3337 807 3384 is
822 3350 854 3383 nc
873 3351 972 3384 erasure
984 3335 1010 3384 in
1023 3337 1052 3397 it,
1065 3337 1115 3384 and
1132 3351 1160 3384 so
1177 3336 1222 3385 the
1232 3339 1315 3387 words

261 3405 275 3427 “
286 3405 320 3452 Et
337 3408 376 3452 est
392 3418 478 3452 rasura
492 3399 553 3452 ec.”
571 3403 604 3450 do
617 3405 664 3449 not
681 3415 761 3450 occur.

225 3493 279 3542 'l'he
291 3493 375 3541 hretia
388 3491 570 3550 meust
579 3489 710 3539 Ordinacio
721 3505 870 3539 concernens
887 3490 974 3539 domos
986 3489 1159 3540 archidiaconi
1171 3491 1313 3552 Tottonie,''

261 3558 320 3608 (and
343 3556 436 3619 Biahop
458 3556 612 3605 Grandiuscn
629 3555 674 3603 has
696 3555 777 3602 added
802 3555 846 3603 tho
867 3556 948 3604 words
974 3555 988 3579 “
1000 3571 1045 3619 pro
1067 3556 1139 3605 obitu
1162 3557 1258 3606 Thema
1281 3559 1313 3606 de

262 3621 423 3681 Bodeham.’')
456 3619 700 3670 Thereisaaimilar
711 3619 938 3668 Endorsemeutcn
953 3619 998 3668 the
1014 3622 1111 3669 second.
1147 3621 1182 3670 Oi
1197 3623 1241 3670 the
1257 3622 1314 3670 iour

260 3689 323 3736 acala
343 3692 394 3734 two
412 3685 471 3748 only
491 3684 550 3744 (and
572 3684 617 3733 the
638 3699 706 3732 same
725 3683 787 3744 two)
808 3684 904 3733 romain
922 3684 949 3732 in
969 3685 1029 3733 each
1049 3701 1121 3744 case;
1139 3685 1184 3734 via.
1202 3687 1315 3749 porticus

259 3753 287 3800 oi
304 3751 396 3813 Bishop
408 3751 526 3814 Byttcn's
537 3749 588 3798 scal
604 3748 672 3808 (that
682 3748 800 3797 attached
811 3753 838 3798 to
850 3749 894 3797 the
910 3749 976 3798 l'iret
990 3751 1132 3798 Document
1143 3750 1217 3814 lsing
1228 3752 1314 3815 nearly

260 3815 372 3880 perient),
384 3815 434 3863 and
445 3831 461 3863 a
476 3829 535 3875 very
552 3814 617 3876 good
634 3813 779 3876 impression
795 3813 821 3862 oi
836 3813 942 3863 thessal
953 3813 980 3862 oi
991 3815 1152 3863 Archdeacon
1163 3815 1273 3864 William
1284 3817 1317 3864 de

261 3877 453 3944 Puutyngdon].
482 3878 604 3940 <eruam
614 3879 644 3936 of
652 3877 691 3927 tta
703 3877 773 3927 Daca
784 3878 836 3927 aad
848 3877 960 3941 Chapter,
973 3879 1019 3927 No.
1033 3881 1115 3940 213⁴).
1143 3879 1186 3928 See
1197 3881 1233 3930 St
1245 3881 1315 3932 Eval.

161 3971 405 4056 Bodekysham,
420 3967 547 4034 Walter
562 3967 622 4047 de;
646 3967 693 4044 R,
709 3967 757 4032 st.
781 3967 968 4032 Dominick.

160 4085 338 4158 Bodetone,
349 4081 492 4146 Thomas
508 4079 548 4146 de
564 4103 572 4160 ;
593 4101 641 4146 aec
656 4079 846 4165 Faringdon
863 4079 1011 4164 (Hants).

163 4196 306 4262 Bodrnin
327 4193 494 4279 Priory‚-

228 4305 402 4452 Οοινῖιιὲαιὲοιι
417 4305 448 4370 by
464 4303 502 4356 tte
518 4303 591 4354 Deua
606 4301 659 4354 aad
675 4299 782 4370 thpter
797 4301 827 4366 of
839 4301 918 4353 diem
934 4301 1185 4370 appropriationem*
1198 4301 1317 4359 cauda
