3298 4984
281 432 328 502 60
508 447 650 502 ennon
668 427 977 502 nsounsooune’s
994 449 1190 504 suenrus

378 603 514 666 patrocinio
542 603 800 653 communimus—In
832 604 906 668 cujus
935 605 971 653 rei
993 605 1167 654 testimonium
1191 609 1318 670 presentes
1340 605 1436 654 Literas

378 668 451 731 sigilli
462 669 541 717 nostri
558 670 719 732 impressione
738 669 858 718 duximus
873 670 1163 719 roborandus-Datum
1183 672 1251 733 epud
1270 669 1437 732 Obeddelegh,

376 733 403 781 in
423 733 530 782 crastino
551 734 638 783 Sancti
649 732 755 782 Dionieii
772 733 814 796 [10
827 733 904 797 Oct.],
923 736 996 784 Anno
1016 735 1103 785 Gracie
1123 735 1231 786 141000Ο
1249 736 1389 799 lx⁰primo,
1409 741 1435 783 et

377 797 576 848 Consecrscionis
587 803 671 848 nostre
684 803 774 862 quarto
788 815 794 859 ;
808 797 860 848 22b.

280 897 581 1058 -Apgpgplutglqion
596 897 632 962 of
648 896 704 962 the
721 896 854 962 Ohurch
867 897 903 962 oi
931 897 1103 984 Coleridge
1124 903 1158 963 tc
1184 899 1241 964 the
1267 899 1380 964 Vicere
1402 899 1438 963 of

345 1087 419 1136 Anno
436 1088 523 1136 eodem
535 1087 620 1149 [1269]
633 1088 711 1137 exivit
722 1087 806 1137 literae
818 1087 844 1136 in
856 1087 903 1136 hec
914 1087 995 1136 lorma
1011 1089 1179 1138 :—Uuirersis
1193 1095 1275 1148 etc.,—
1282 1091 1319 1138 Eo
1342 1089 1434 1152 puriori

378 1153 500 1201 desiderio
520 1153 658 1202 studiosius
681 1157 719 1201 est
741 1154 882 1216 appetenda
910 1169 1011 1202 concors
1040 1154 1198 1203 uniformitas
1226 1171 1277 1216 quo
1299 1155 1435 1203 deformius

377 1225 476 1266 caterua
487 1219 607 1266 nimirum
625 1218 726 1276 discors,
742 1233 786 1281 pre
798 1219 882 1280 inopia
903 1219 1047 1280 frequenter
1060 1219 1211 1278 exorbitans,
1220 1221 1314 1268 efficere
1331 1225 1436 1267 corratar

377 1283 446 1346 quod
457 1299 508 1332 non
520 1284 594 1344 velet,
606 1283 690 1346 sicque
702 1283 786 1332 evenit
803 1287 835 1330 ut
853 1299 916 1346 quas
935 1284 1010 1332 debet
1030 1284 1116 1332 laudes
1131 1300 1179 1332 non
1198 1285 1305 1332 exsolvit
1317 1285 1433 1334 Creatori.

378 1349 443 1397 Sane
465 1353 561 1397 statum
589 1347 769 1396 Griditonensis
801 1348 917 1402 Ecclesie.
938 1348 964 1395 in
990 1365 1035 1396 suo
1058 1349 1144 1397 ordine
1163 1349 1222 1397 olim
1243 1350 1389 1412 preclarum,
1407 1354 1434 1397 ct

378 1428 482 1461 numero
494 1413 579 1461 decem
592 1417 618 1460 et
629 1417 685 1461 octo
705 1413 887 1462 Canonicorum
900 1413 1044 1462 ordinatum
1061 1415 1216 1476 abantiquo,
1229 1420 1331 1476 paterna
1344 1415 1432 1462 sollici·

377 1479 466 1526 tudine
480 1479 578 1526 dudum
595 1478 788 1537 considerantes,
800 1478 891 1540 ipsum,
903 1479 935 1525 ad
946 1479 1127 1527 duodenarium
1145 1495 1278 1527 numerum
1296 1481 1434 1536 redactum,

376 1544 408 1592 ed
421 1559 479 1591 cum
496 1543 523 1591 in
539 1555 589 1603 quo
608 1543 659 1592 iuit
678 1559 693 1590 e
710 1542 800 1590 diebus
819 1543 930 1605 antiquis
950 1544 1085 1592 institutus
1103 1560 1237 1592 numerum
1254 1545 1433 1592 deliberacione

377 1608 479 1670 provida
501 1608 678 1667 revocavimus,
702 1623 745 1656 sex
768 1607 906 1657 canonicos
924 1613 951 1656 et
973 1609 1080 1656 totidem
1101 1608 1214 1658 Vicarios
1232 1609 1266 1657 ibi
1284 1610 1433 1666 suttuendo;

376 1673 526 1732 ordinantes,
539 1673 605 1722 sicut
613 1677 675 1722 tunc
688 1672 825 1736 potuimus,
838 1677 869 1720 ut
876 1673 982 1735 quilibet
991 1675 1116 1721 dictorum
1123 1690 1166 1722 sex
1177 1675 1330 1722 Vinaricrum
1343 1674 1432 1736 viginti

376 1738 468 1786 solidos
489 1753 585 1787 annuos
607 1753 651 1801 per
670 1753 760 1786 manus
783 1737 885 1786 Domini
907 1739 954 1797 sui,
977 1739 1090 1802 ejusdem
1109 1739 1166 1786 Ioci
1187 1739 1311 1799 canonici,
1332 1739 1432 1787 nomine

376 1803 472 1852 Vicarie
491 1803 612 1866 percipiet
631 1803 770 1862 annuatim,
796 1802 855 1850 lieet
872 1803 962 1851 exinde
982 1804 1111 1851 commode
1132 1809 1259 1866 nequeant
1289 1803 1431 1852 sustenter-i.

376 1867 484 1916 Proinde
504 1873 678 1931 paupertatem
706 1867 814 1916 Ecclesie
840 1867 951 1930 predicte
977 1869 1150 1916 subvencionis
1172 1869 1243 1917 oculo
1266 1869 1431 1931 respicientes,

375 1933 541 1995 parochialem
566 1933 701 1981 Ecclesiam
726 1933 757 1980 de
781 1931 900 1994 Oolrigge,
923 1933 996 1994 cujus
1020 1933 1216 1982 delectacionem
1237 1933 1344 1982 dilectus
1365 1933 1432 1982 filius

376 1999 504 2047 lohannes
522 1998 612 2060 Wiger,
635 1997 715 2054 Miles,
736 1998 789 2046 Deo
809 2003 835 2046 et
857 1997 966 2046 Ecclesic
986 1999 1077 2046 Sancte
1094 1999 1180 2046 Crucis
1199 1999 1385 2057 Criditonensis,
1405 2005 1431 2047 et

375 2063 478 2111 Viceriis
498 2064 552 2112 Deo
577 2063 670 2110 ibidem
691 2063 863 2121 servientibus,
887 2078 967 2124 nuper
989 2063 1104 2122 contulit,
1127 2063 1223 2111 intuitu
1246 2064 1364 2123 enutritis,
1382 2064 1430 2112 toti

377 2128 560 2176 Communitnti
568 2127 721 2176 Vicariomm
733 2127 789 2176 ioci
799 2127 911 2189 predicti,
922 2128 1093 2176 uccedeuteud
1101 2129 1147 2176 hoc
1156 2128 1304 2177 dilectorum
1314 2129 1430 2188 filiorum,

377 2193 469 2242 Deceni
481 2197 507 2241 et
519 2193 630 2256 Capituli
644 2193 724 2241 nostri
733 2192 881 2240 Exoniensis
888 2208 988 2240 assensu
999 2193 1117 2256 legitimo,
1126 2193 1289 2242 attestacione
1304 2194 1431 2256 scripture

376 2258 498 2334 presentis
514 2257 709 2320 eppropriamus,
727 2261 753 2305 et
770 2258 882 2318 eandem,
894 2259 997 2306 cedente
1015 2259 1054 2306 vel
1070 2258 1205 2306 decedente
1222 2258 1300 2320 ipsius
1317 2260 1429 2319 ltectore,

376 2339 402 2371 in
414 2323 522 2372 Nomine
534 2321 636 2371 Domini
648 2322 721 2384 pleno
729 2321 787 2384 jure
798 2323 953 2384 assignamus
965 2327 1086 2385 perpetuo
1107 2323 1280 2384 possidendum
1293 2341 1299 2382 ;
1317 2324 1384 2371 salva
1402 2325 1429 2372 in

377 2405 405 2436 ea
424 2387 577 2450 competenti
596 2387 700 2446 Vicuria,
721 2387 837 2435 canonice
854 2388 962 2436 taxanda
981 2403 1025 2450 per
1049 2403 1094 2436 nos
1114 2393 1141 2435 et
1162 2403 1312 2436 successores
1331 2393 1430 2437 nostros

376 2453 470 2502 futuris
492 2452 655 2516 temporibus,
679 2452 851 2510 conferenda;
880 2452 1023 2500 ordinantes
1052 2457 1082 2500 ut
1104 2453 1218 2500 redditus
1246 2458 1272 2501 et
1294 2459 1430 2516 proventus

376 2518 537 2581 antiquorum
549 2517 704 2566 Viceriorum
715 2522 741 2564 et
752 2517 844 2577 sinquli
864 2516 953 2578 viginti
968 2518 1040 2564 solidi
1060 2518 1137 2565 annui
1157 2517 1261 2580 singulis
1279 2518 1382 2566 Vicuriis
1398 2519 1430 2566 de

376 2599 441 2632 novo
453 2583 549 2644 meeth,
561 2587 592 2631 ut
603 2582 775 2646 supradictum
788 2587 826 2629 est
845 2581 971 2644 assignati,
990 2588 1016 2630 et
1033 2582 1129 2644 prefate
1147 2583 1255 2631 Ecclesie
1273 2584 1304 2632 de
1316 2583 1430 2646 Colrigge

376 2649 490 2698 redditus
509 2653 534 2697 et
557 2652 695 2711 proventus
714 2647 781 2694 inter
803 2646 912 2709 prefatos
936 2648 1021 2694 decem
1041 2652 1067 2694 et
1087 2652 1143 2696 octo
1162 2648 1272 2696 Vicarios
1293 2654 1320 2696 et
1342 2664 1429 2696 eorum

376 2729 527 2762 successores
547 2713 669 2776 equaliter
691 2711 822 2760 annuatim
840 2711 1025 2758 distribuentur
1044 2712 1070 2759 in
1089 2717 1245 2775 perpetuum.
1291 2713 1428 2761 Adiciendo

377 2794 477 2842 quoque
486 2778 623 2827 statuimus
635 2782 665 2825 ut
676 2777 772 2839 preiste
784 2773 893 2824 Ecclesie
906 2777 1022 2824 canonici
1034 2781 1061 2824 et
1077 2777 1176 2838 Vicorii,
1193 2783 1219 2826 et
1236 2793 1321 2826 eorum
1333 2795 1428 2826 seroces·

376 2859 450 2903 sores,
470 2848 523 2892 tem
542 2847 657 2891 nostrum
678 2847 703 2890 et
723 2842 923 2904 predecessorum
944 2847 1086 2889 nostromm
1103 2857 1179 2903 quam
1197 2843 1286 2904 prelati
1306 2843 1429 2891 Johsnnis

377 2909 461 2971 Wiger
487 2911 514 2956 et
535 2907 722 2970 progenitorum
743 2921 846 2954 suorum
866 2905 972 2966 obitum,
991 2907 1017 2954 in
1039 2907 1148 2954 Ecclesia
1167 2907 1278 2969 predicta
1297 2907 1428 2956 annuatim

377 2973 471 3022 iaciant
482 2971 652 3034 sollempniter
664 2971 796 3026 celebreri;
814 2971 976 3019 decernentes
995 2977 1025 3019 ut
1040 2971 1124 3020 nullus
1140 2971 1255 3034 deinceps
1274 2973 1300 3020 in
1321 2973 1430 3020 Ecclesia

377 3038 489 3101 predicte
500 3037 612 3086 Vicerius
629 3036 786 3096 admittetur,
803 3051 934 3098 quousque
951 3041 1092 3098 presentem
1109 3042 1220 3084 nostrum
1239 3037 1428 3086 Ordinaciouem

377 3103 537 3166 quantumin
547 3103 600 3164 ipso
612 3106 650 3150 est
660 3101 796 3160 observare,
806 3101 880 3148 tactis
887 3106 933 3148 aut
940 3101 1058 3163 inspectis
1073 3103 1248 3162 Sacrosenctis‚
1257 3103 1429 3166 jurameutum

376 3168 515 3230 prestiterit
533 3166 729 3229 corporale—In
749 3181 857 3228 quorum
876 3166 989 3214 omnium
1009 3166 1181 3214 testimouium
1194 3172 1220 3214 et
1232 3167 1306 3215 fidem
1318 3166 1428 3230 presenti

377 3233 506 3296 Scripture
528 3232 638 3294 sigillum
657 3237 772 3279 nostrum
792 3230 912 3278 duximus
927 3228 1241 3293 apponendum—Datum
1262 3234 1328 3294 apud
1349 3232 1429 3281 Cridi·

375 3298 477 3358 tonism,
490 3297 525 3360 iiij
539 3297 664 3345 Kalendas
675 3295 785 3358 Augusti
798 3293 841 3358 [29
861 3294 933 3358 July]
946 3299 1020 3344 Anno
1040 3297 1127 3345 Grecis
1146 3297 1257 3346 M⁰.CC⁰.
1271 3297 1428 3360 Sexagesimo

374 3379 447 3424 nono,
459 3367 486 3412 et
497 3361 695 3411 consecracionis
706 3365 791 3409 nostre
802 3360 949 3408 duodecimo
960 3376 965 3419 ;
978 3357 1030 3410 41¹).

277 3459 577 3610 —Approprietion
601 3458 636 3523 of
657 3457 715 3522 the
738 3457 870 3523 Church
894 3457 930 3522 oi
953 3458 1070 3522 Lelent
1093 3458 1265 3541 [Leuantn
1281 3457 1366 3545 MS.]
1391 3464 1426 3524 to

363 3553 379 3612 t
404 3570 421 3612 e
437 3547 566 3613 Oenone
582 3545 618 3611 of
640 3544 885 3620 Crediton‚-in
901 3543 958 3608 the
975 3543 1104 3630 Mergin
1119 3550 1134 3577 “
1147 3544 1180 3608 N
1182 3545 1253 3610 ote”
1278 3544 1425 3628 (Grund-

363 3634 470 3716 ieeou)
483 3657 534 3698 :—

342 3738 471 3790 Universis
509 3741 635 3800 presentes
669 3735 764 3784 Litenu
791 3735 940 3797 inspecturis
973 3734 1106 3796 walterus,
1143 3735 1301 3784 miseracione
1334 3735 1426 3786 Divina

375 3801 521 3852 Exoniensis
533 3802 677 3865 Episcopus,
685 3801 792 3850 salutem
803 3800 830 3848 in
842 3801 950 3848 Domino
959 3807 985 3848 et
997 3807 1142 3864 perpetuam
1151 3801 1186 3848 rei
1194 3805 1263 3862 geste
1272 3801 1424 3850 memoriam.

375 3867 497 3918 -Eterni
508 3867 582 3930 Regis
602 3867 749 3928 disponente
769 3865 902 3914 clemencia
918 3865 984 3914 inter
1000 3866 1177 3928 Apostolorum
1198 3867 1363 3922 Successores,
1375 3881 1425 3914 non

375 3949 405 3982 ex
414 3939 498 3982 nostre
510 3932 614 3981 accionis
623 3928 861 3994 meritqnggregeti,
873 3946 959 3978 eorum
968 3936 1092 3993 quantum
1105 3931 1176 3978 uobis
1188 3931 1264 3978 fuerit
1275 3931 1425 3992 inspiratum

374 3999 485 4062 vestigiis
496 3997 616 4056 inherere,
634 4001 661 4044 et
681 3997 789 4044 Ecclesie
803 3996 921 4044 scissuras
939 4011 1014 4058 quam
1028 3995 1153 4056 Sanguine
1171 3996 1223 4043 Suo
1240 3995 1426 4057 plantaverunt,

374 4060 1422 4178 qauejffiqupjlqggggiqgfflqpmrgqlt31333532333133333.

373 4143 643 4253 ineiilonoriumeriique,
661 4191 768 4253 populus
786 4191 838 4238 Deo
856 4189 965 4238 serviens
982 4195 1110 4252 augeatur.
1133 4141 1219 4238 l[Socrui
1239 4163 1426 4240 Cridetoneusii

374 4258 489 4317 Ecclesia,
504 4257 564 4305 olim
578 4255 605 4304 in
620 4271 666 4304 suo
681 4255 767 4304 ordine
785 4255 943 4303 celeberrime
960 4259 987 4302 et
1004 4255 1140 4318 pontificali
1156 4254 1279 4317 dignitate
1299 4255 1425 4318 insignite,

374 4339 402 4373 ec
415 4321 530 4386 preclaris
545 4320 701 4370 diversorum
719 4321 867 4371 Sanctorum
884 4319 996 4383 reliquiis
1011 4325 1038 4368 et
1055 4320 1180 4369 miraculis
1191 4337 1206 4369 e
1217 4319 1304 4370 diebus
1315 4321 1427 4384 antiquis
