3304 4978
295 340 369 413 250
541 356 682 412 aranon
698 331 1009 414 naousecouan’s
1026 358 1221 417 amarus

299 511 347 578 st.
363 511 510 598 Iseey,-

270 639 272 642 .
364 598 439 650 Auno
449 600 544 658 eodem
556 599 583 648 in
593 599 685 663 vigilia
701 599 787 650 Sancti
803 599 973 651 Bartholomsi
989 601 1031 664 [2³
1044 601 1118 666 Aug.,
1131 601 1214 664 12591,
1230 601 1298 666 apud
1309 599 1455 660 Honetone,

395 665 516 714 concessit
532 664 656 714 Dominus
673 665 810 730 Episcopus
821 665 931 715 literam
948 667 1111 730 Indulgencie
1122 684 1157 717 xx
1173 668 1272 716 dierum
1283 666 1455 716 visitantibus

396 729 539 779 oratorium
556 727 630 779 Beati
644 730 789 780 Fadmundi
804 730 831 780 in
849 731 958 781 Ecclesia
967 733 1001 781 de
1012 729 1088 783 Οιιιο1
1099 737 1281 794 conanuctum,
1298 732 1326 782 in
1342 736 1454 795 utroque

396 793 471 844 Festo
482 799 509 844 et
519 795 617 857 Vigiliis
628 795 742 858 ejusdem
755 795 924 856 comensem
943 795 964 848 7.

363 857 692 922 {agroecula-Omna
714 859 859 921 oblaciones,
882 861 993 925 exceptis
1015 862 1236 924 Pentecostalibrrs,
1254 878 1316 926 quas
1336 861 1453 911 Decenus

394 923 579 1000 ethpitulum
596 924 727 974 annuatim
747 925 891 1038 percipiant,
903 931 930 975 et
948 927 1090 990 percipiunt
1108 925 1140 976 ab
1157 928 1278 990 antiquo;
1298 931 1326 976 et
1342 925 1452 976 decimas

395 1003 503 1038 minores
519 1004 577 1038 cuns
594 989 683 1038 ceteris
699 991 814 1054 preventi
832 1005 862 1039 us
878 991 959 1040 tocius
970 991 1073 1055 sltilagii
1084 992 1193 1042 Ecclesia
1203 993 1295 1042 Sancte
1308 992 1352 1041 Ide
1362 1007 1450 1054 supra-

394 1054 478 1114 dicte;
495 1069 591 1103 necnon
613 1053 735 1103 decimam
752 1055 803 1104 leni
818 1055 899 1104 ιοοίιιι
916 1055 1034 1106 Parochie
1050 1057 1165 1120 ejusdem
1186 1056 1303 1118 Ecclesia,
1320 1071 1372 1106 una
1391 1071 1451 1104 cum

394 1119 496 1168 decimis
507 1119 622 1168 fohorum
631 1123 657 1168 ct
668 1119 779 1182 pisarum
790 1120 817 1168 in
827 1120 889 1169 ortis
896 1135 964 1169 nunc
973 1121 1139 1171 existentibus
1150 1126 1246 1171 stante
1255 1137 1322 1171 nunc
1331 1121 1449 1180 excultis,

394 1199 446 1233 uua
461 1199 520 1233 cum
537 1184 684 1234 Sanctuario
699 1188 755 1234 toto
766 1189 793 1233 et
803 1185 921 1234 domibus
931 1187 963 1234 cd
974 1187 1068 1236 dictam
1085 1187 1220 1236 Ecclesiam
1228 1185 1410 1250 spectantibus,
1421 1189 1451 1234 et

394 1249 476 1298 tribus
492 1249 554 1298 acris
570 1251 636 1298 terre
653 1248 803 1312 Anglicanis,
820 1250 918 1312 quoad
935 1251 1015 1300 dictos
1032 1251 1162 1300 Decsnum
1172 1255 1199 1300 et
1211 1251 1357 1315 Capitulum
1373 1255 1450 1300 antea

394 1313 561 1377 pertinebant,
573 1329 602 1362 ac
621 1313 699 1362 eciam
711 1313 823 1377 quinque
840 1330 907 1363 acras
923 1319 989 1364 terre
1005 1318 1073 1380 apud
1089 1316 1207 1378 lrecruk,
1218 1331 1268 1379 que
1287 1316 1314 1364 in
1333 1315 1449 1380 quinque

394 1379 479 1428 solidis
490 1378 557 1428 dicte
570 1377 677 1427 Fccleeie
691 1379 781 1428 Sancte
799 1379 843 1428 Ide
858 1381 989 1430 annuatim
1004 1380 1118 1431 solebant
1132 1397 1185 1431 esee
1199 1381 1333 1441 censuales,
1351 1397 1367 1430 a
1382 1395 1450 1443 pres-

394 1444 490 1493 tacione
501 1443 616 1492 redditus
626 1443 762 1506 cujuslibet
778 1443 861 1492 liberis
877 1449 905 1493 et
919 1445 1048 1495 absolutis.
1082 1446 1161 1496 Salvis
1178 1445 1295 1522 predictis
1312 1446 1412 1494 Decano
1423 1448 1451 1493 ct

394 1508 518 1572 Capitulq
534 1509 636 1572 suisque
653 1509 841 1568 successoribus,
860 1509 947 1558 ceteris
963 1511 1080 1560 omnibus
1096 1511 1234 1574 majoribus
1249 1509 1352 1560 decimis
1368 1509 1452 1558 meins

394 1574 512 1622 Parochie
528 1573 678 1636 supradicte,
691 1589 741 1622 una
757 1589 816 1623 cum
831 1575 940 1636 quadam
957 1591 1034 1638 parva
1052 1575 1133 1626 orcita
1151 1576 1296 1624 continente
1312 1574 1447 1624 dimidiam

394 1653 476 1688 acram
486 1643 552 1686 terre
563 1638 734 1701 Anglicanam,
763 1655 795 1687 ue
810 1639 878 1702 jacet
888 1639 914 1688 in
927 1639 1081 1690 occidentali
1097 1645 1167 1704 parte
1178 1639 1288 1690 Ecclesia
1298 1640 1390 1690 Sancto
1401 1639 1448 1688 lde

392 1701 542 1766 supradicte,
554 1707 580 1750 et
590 1703 679 1752 ceteris
689 1718 758 1752 omni
777 1719 806 1752 us
816 1703 928 1754 comodis
939 1709 965 1754 et
975 1704 1160 1764 emolumentis,
1171 1709 1219 1754 cto.

362 1767 495 1817 Reference
506 1767 527 1816 is
539 1767 611 1816 made
622 1767 648 1816 in
659 1767 711 1816 this
722 1769 865 1818 Document
877 1768 968 1829 (which
979 1771 1058 1820 ianoe
1068 1770 1154 1830 dated)
1166 1773 1193 1818 tc
1204 1769 1249 1818 the
1266 1768 1283 1795 ‘¹
1293 1768 1411 1820 (lastaria
1420 1768 1449 1818 in

394 1831 495 1894 Capella
511 1832 597 1881 Sancti
611 1829 718 1894 Madoci,
731 1833 891 1894 confessoris,
903 1835 971 1897 apud
982 1835 1089 1898 Hclwyn
1099 1835 1114 1856 ’⁹
1130 1833 1211 1895 (lodie
1222 1833 1340 1898 Halwyn)
1356 1834 1382 1883 iu
1394 1832 1447 1883 this

393 1896 632 1947 Parisb-Arcttoee
642 1897 672 1959 of
685 1897 723 1946 tte
734 1897 806 1948 Dece
816 1897 868 1946 aad
880 1895 991 1962 Chapter,
1004 1900 1049 1949 No.
1060 1901 1124 1949 8625
1135 1899 1178 1949 iol
1190 1897 1241 1961 91.]

295 1961 343 2028 St.
370 1961 482 2026 James
508 1959 574 2025 “de
600 1960 679 2026 Alto
705 1960 833 2039 Passu,”
859 1961 917 2028 the
939 1963 1107 2050 Hospital²
1129 1963 1182 2043 ol;
1217 1966 1275 2030 See
1296 1983 1379 2050 page
1402 1961 1445 2031 37

381 2046 595 2134 (paragraphs
611 2051 632 2111 4
646 2048 712 2112 and
729 2049 795 2129 10).

295 2219 304 2252 ¹
323 2223 335 2272 I
352 2237 459 2287 suppose
471 2221 485 2247 ‘⁸
494 2221 629 2286 Egloscruc
639 2219 653 2244 ''
663 2222 686 2271 ia
698 2228 790 2284 meant,
806 2225 845 2279 ie.

328 2289 365 2338 St
378 2289 456 2352 Iseey.
486 2289 528 2348 Or,
540 2287 657 2350 possibly,
670 2287 684 2310 “
693 2287 845 2338 (irukerne.’'

296 2352 307 2384 ²
324 2353 417 2404 Patent
424 2351 520 2413 nouat
528 2353 598 2402 Edw.
609 2351 658 2412 Ill,
666 2368 689 2415 p.
699 2355 721 2414 1,
731 2369 763 2403 m.
774 2353 846 2414 37,-

296 2417 373 2468 “i’ro
391 2418 510 2482 Mopiaro
525 2424 547 2467 at
563 2416 692 2466 Frctrr'dua
711 2417 847 2482 Hospitalis

328 2483 414 2532 Sancti
424 2482 512 2532 Jacobs·
522 2481 552 2532 de
562 2481 616 2531 Alto
630 2481 758 2533 Pasa:-

295 2547 373 2597 “Iiex
392 2547 596 2610 Archiepiscopis,
612 2547 748 2610 Episcopis,
763 2548 844 2598 Abba·

327 2613 403 2668 tibus,
432 2612 567 2673 Prioribus,
595 2611 794 2672 vicecomitibus,
817 2618 844 2662 et

328 2678 445 2726 omnibus
462 2675 565 2726 Ballivis
575 2676 634 2737 suis,
646 2680 673 2724 et
683 2677 738 2726 aliis
749 2677 844 2726 Christi

327 2742 464 2802 Fidelibus,
481 2742 507 2790 in
525 2741 622 2804 Anglia,
639 2741 735 2803 Wallia,
752 2747 779 2792 et
798 2742 843 2791 lii·

327 2807 419 2868 bernia,
431 2807 463 2855 ad
476 2821 540 2870 quos
556 2811 612 2866 etc,
629 2805 844 2858 salutem—Cum

327 2871 451 2920 Dominus
478 2871 546 2934 Papa
573 2871 670 2920 dilectis
697 2872 790 2920 nostris
816 2872 843 2920 in

326 2937 434 2996 Christo,
444 2936 563 2999 Magistro
574 2941 601 2984 et
612 2935 741 2985 Fratribus
753 2937 842 3000 Hospi-

325 3001 383 3050 talis
405 3001 491 3050 Sancti
512 2999 601 3049 iacobi
622 3001 654 3050 de
675 3001 735 3049 Alio
757 3002 843 3063 Pasau,

328 3065 479 3115 Lucanenais
500 3065 618 3126 Diocesis,
641 3065 743 3114 duxerit
760 3066 844 3116 indul·

325 3131 436 3193 gendum
453 3131 521 3194 qued
539 3131 615 3180 semel
631 3131 657 3179 in
674 3146 739 3178 anno
758 3131 844 3194 recipi·

325 3200 402 3244 autur
423 3195 450 3244 in
473 3195 596 3256 Ecclesiis,
624 3196 656 3244 ad
678 3195 845 3259 colligendum

326 3260 479 3322 elemosinas,
491 3265 592 3324 propter
603 3261 671 3323 quod
680 3259 727 3323 ipsi
736 3261 768 3309 ad
780 3261 844 3310 Loca

326 3325 424 3375 diversa
455 3342 500 3389 pro
528 3325 668 3374 elemosinis
697 3325 844 3389 hujusmodi

326 3389 471 3453 colligendis
493 3390 634 3450 accedunt3
668 3405 713 3438 nos
740 3390 844 3440 dilectos

325 3460 423 3504 nosnos
434 3455 461 3505 in
473 3455 581 3515 Christo,
595 3455 695 3504 Fratres
707 3455 843 3518 Hospitalis

325 3519 438 3583 predicti,
461 3524 489 3570 et
510 3534 597 3569 eorum
613 3520 796 3582 Procuratores,
815 3536 843 3570 ac

324 3585 461 3634 eorundem
478 3585 595 3634 Fratrum
606 3589 634 3634 et
650 3585 843 3634 Procuratorem

324 3653 471 3711 attornatos,
489 3649 610 3710 homines,
626 3652 713 3710 terras,
730 3665 776 3710 res,
788 3650 842 3699 red-

324 3713 402 3772 ditus,
431 3719 458 3764 et
484 3729 571 3763 omncs
599 3714 764 3777 possessiones
785 3730 842 3764 aues

323 3779 477 3842 suscepimus
493 3779 520 3828 in
536 3779 717 3842 proteccionem
731 3783 842 3828 nommm

324 3843 474 3957 {pzclplialem
490 3843 573 3958 adibis
596 3843 789 3957 Vicecomtigbus
810 3848 843 3958 θεὲ

389 3925 426 3958 ns
456 3925 489 3958 no
514 3924 548 3958 r1s
592 3923 699 3957 recr1en
792 3924 808 3956 u

323 3974 515 4035 manuteneatis,
539 3925 682 4037 prdmgaiu,
709 3983 736 4022 et
757 3925 841 4021 dilen·

325 4037 391 4086 datis
414 4039 537 4102 predictus
556 4039 656 4088 Fratres
678 4041 705 4086 et
723 4037 841 4086 Procura-

324 4105 398 4164 tores,
420 4119 449 4152 nc
471 4119 557 4152 eorum
578 4107 725 4163 attornatcs,
745 4117 841 4151 necnon

324 4164 446 4227 hemines,
475 4171 561 4229 terrea
589 4183 635 4228 res,
664 4165 787 4229 redditus,
815 4171 841 4216 et

323 4243 410 4281 omnes
428 4231 593 4296 paneadense
609 4231 764 4293 eorumdem
789 4246 840 4281 non

927 2223 1070 2284 inferentes,
1099 2223 1138 2272 vel
1159 2223 1247 2272 inierri
1262 2222 1447 2286 permittentes,

928 2289 1022 2338 eisdem
1041 2288 1167 2352 injuriam,
1188 2288 1335 2348 molestiam,
1358 2287 1447 2350 demp-

927 2369 998 2416 num,
1009 2358 1055 2404 aut
1065 2368 1207 2417 gravamen.
1250 2353 1292 2413 nt,
1304 2351 1398 2414 siquid
1411 2353 1447 2400 eis

926 2416 1447 2540 mmmm&

1303 2519 1310 2543 Ι

926 2547 1021 2597 lacione
1056 2548 1154 2597 faciatis
1195 2547 1328 2596 emendari.
1386 2547 1447 2608 Vos,

926 2612 1013 2673 eciam
1045 2613 1156 2661 Prelatos
1183 2627 1298 2674 rogamus
1325 2610 1447 2674 quatinus

926 2691 984 2726 cum
992 2677 1070 2726 iidem
1081 2678 1188 2738 Fratres,
1197 2677 1379 2734 Procuratores,
1393 2675 1448 2725 eive

925 2743 1048 2792 attornati
1064 2741 1170 2820 predicti
1185 2742 1218 2790 ad
1230 2741 1295 2790 Loca
1305 2745 1389 2790 vestm
1399 2755 1447 2803 pro

926 2805 1075 2870 hujusmodi
1091 2805 1230 2856 elemosinis
1247 2805 1390 2867 colligendis
1406 2821 1445 2854 ac·

926 2873 1052 2932 cesserint,
1064 2872 1170 2935 benigm
1184 2871 1211 2920 iu
1230 2870 1448 2920 Ecclesiisvestria

926 2938 1029 2999 negocia
1045 2953 1089 2986 aua
1111 2951 1241 2999 exponere,
1257 2940 1284 2984 et
1300 2935 1447 2984 elemosinas

927 2999 1006 3050 libere
1021 3017 1125 3065 querere
1141 3001 1302 3064 permittatis,
1313 3004 1341 3048 et
1351 2999 1446 3048 eisdem

928 3065 1066 3128 Fratribus,
1088 3065 1300 3126 Procuratcribus,
1319 3069 1346 3114 et
1367 3069 1446 3113 attor-

928 3130 1003 3191 naus,
1023 3132 1056 3181 ad
1076 3130 1224 3194 hujusmodi
1250 3128 1396 3178 elemosinas
1419 3131 1446 3178 in

926 3194 1024 3246 Vestris
1040 3195 1186 3246 Diocesibus
1202 3195 1238 3244 sic
1253 3194 1381 3258 deputatis
1397 3195 1447 3243 col·

926 3258 1046 3324 ligeudea,
1059 3261 1155 3310 Literna
1165 3265 1260 3309 vmtras
1276 3259 1302 3308 in
1318 3259 1365 3308 hac
1376 3264 1448 3322 pmte

926 3323 975 3373 sibi
991 3326 1134 3376 fructuosas
1155 3324 1291 3374 liberaliter
1313 3323 1447 3372 concedere

926 3389 1010 3440 velitis
1023 3408 1029 3441 :
1045 3391 1081 3440 ita
1097 3390 1166 3453 quod
1182 3405 1197 3438 a
1213 3389 1267 3438 Deo
1282 3388 1402 3438 meritum
1419 3393 1448 3437 et

925 3469 941 3502 a
968 3455 1041 3504 nobis
1071 3459 1153 3518 grates
1180 3457 1306 3518 reportare
1332 3453 1446 3502 debeatis

926 3519 1116 3581 speciales-In
1128 3518 1208 3584 cujus,
1220 3523 1352 3580 eta,-per
1362 3531 1445 3566 unum

924 3598 1022 3634 imnum
1048 3585 1206 3635 duraturum
1219 3583 1336 3632 —Teste
1368 3581 1446 3646 Rege,

924 3649 1269 3776 iiiggiffltmmfflum'
1285 3661 1317 3696 xv
1332 3645 1372 3696 die
1383 3646 1446 3697 Maii

892 3775 930 3825 De
942 3775 1276 3837 Geaeuiidttcmoeicaer

893 3841 1002 3892 Jacobus
1025 3844 1157 3907 Gesyvelly
1174 3844 1206 3892 de
1223 3843 1332 3903 Salicum
1351 3841 1445 3891 Procu-

924 3910 993 3955 rator
1008 3909 1123 3972 Magistri
1133 3913 1160 3957 et
1171 3909 1289 3958 Fratrum
1306 3906 1446 3970 Hospitalis

925 3971 1012 4021 Sancti
1028 3971 1117 4022 «iacobi
1133 3973 1165 4022 de
1184 3973 1244 4022 Alto
1261 3973 1347 4032 Pasau,
1364 3971 1445 4020 Luca·

924 4037 1009 4086 nensis
1035 4038 1152 4098 Diocesis,
1175 4038 1202 4086 in
1223 4036 1321 4101 Augila,
1344 4035 1390 4098 qui
1411 4037 1445 4086 de

925 4099 1039 4151 Licencia
1054 4103 1129 4165 Regis
1144 4103 1177 4151 ad
1188 4103 1275 4151 Partes
1290 4100 1445 4150 'ltansmari-

924 4180 969 4213 nas
991 4166 1150 4230 proiecturus
1172 4171 1218 4228 eat,
1242 4165 1320 4214 habet
1347 4164 1446 4215 litem

924 4229 998 4294 Regis
1014 4232 1047 4282 de
1068 4230 1184 4282 Generali
1199 4229 1378 4282 Attcrnacione
1395 4230 1446 4280 sub
