3298 4984
685 445 871 501 esunusn
890 445 1019 499 mnes.
1381 427 1426 502 '77

364 625 503 686 liinitntie,
516 631 543 676 et
564 627 668 678 elisium
692 629 858 678 Eccleeisrum
887 634 913 678 et
936 628 1092 691 capellarum
1116 629 1233 678 Ciuitatis
1255 633 1281 680 et
1304 631 1425 680 Suburbii

365 692 486 740 antedicti
498 692 590 742 hebeat
604 699 630 742 et
648 695 720 757 pleno
742 695 799 756 jure
819 699 945 742 excerceat
964 695 989 742 in
1007 701 1158 758 perpetuum
1170 695 1238 744 salve
1249 696 1425 758 jurisdiccione

365 756 458 805 Decuni
470 759 603 811 antedicti:
614 759 650 807 ite
661 760 728 820 quod
741 759 808 808 idem
819 759 1015 807 Archidiaconus
1027 762 1057 807 de
1069 761 1232 822 proventibus
1243 761 1425 822 jurisdiccionis

366 821 480 882 ejusdem
492 839 574 872 unum
585 840 683 873 cereum
696 825 770 873 unius
782 824 844 872 libre
855 839 909 872 cere
921 823 1064 872 inveniatiu
1077 825 1157 872 medio
1166 825 1275 874 Choriiu
1285 825 1426 884 Matutinis,

366 893 391 934 et
401 892 461 936 unte
474 887 593 950 Magnum
611 889 697 937 Alter-e
708 891 740 938 ad
753 890 870 951 Magnam
883 889 983 937 Missam
995 889 1178 951 inperpetuum
1188 891 1325 940 ardentem.
1360 891 1427 940 Etsi

366 951 430 1000 iorte
442 953 573 1014 contingat
587 953 819 1002 Archidiaconatnrn
834 955 927 1002 Exonie
938 954 1012 1001 alicui
1024 955 1067 1016 qui
1079 955 1145 1002 dicte
1164 955 1271 1003 Ecclesie
1281 955 1427 1004 Exoniensis

367 1015 507 1066 canonicus
516 1033 566 1066 non
575 1019 651 1067 inerit
659 1019 752 1068 sunnis
761 1019 916 1081 temporibus
927 1019 1040 1074 conferri,
1050 1019 1173 1078 volumus,
1182 1021 1249 1068 etde
1258 1019 1426 1082 predictorum

367 1081 458 1130 Decani
485 1087 513 1131 et
544 1082 653 1145 Capituli
676 1099 791 1145 expresso
818 1099 919 1132 assensu
946 1084 1098 1144 ordinamus,
1116 1085 1183 1146 quod
1205 1089 1259 1132 tote
1285 1084 1427 1146 jurisdiocio

367 1143 482 1195 Civitatis
494 1153 520 1196 et
540 1148 659 1196 Suburbii
676 1148 796 1197 antedicti
808 1149 840 1196 erl
852 1149 980 1196 Decunum
993 1149 1088 1196 Exouie
1106 1149 1230 1210 pertinent
1241 1153 1268 1197 et
1288 1149 1428 1198 Decenatui

366 1217 493 1269 accrescat
506 1229 637 1276 quousque
650 1213 717 1262 idem
735 1213 931 1262 Archidiuconus
943 1213 1077 1262 (iunoniam
1091 1213 1116 1261 iu
1130 1213 1238 1262 Ecclesia
1248 1213 1302 1276 ipsa
1312 1215 1428 1263 canonice

368 1275 444 1324 luerit
463 1277 578 1339 adeptus,
595 1279 634 1326 vel
651 1279 874 1327 Archidiuconatus
893 1278 942 1332 elii,
962 1278 1007 1340 qui
1025 1279 1139 1340 ejusdem
1163 1279 1270 1326 Ecclesie
1289 1279 1428 1328 (laconicus

366 1341 478 1390 extiterit
511 1342 560 1390 rite
592 1343 715 1404 colletus;
743 1344 811 1392 salvo
842 1341 898 1405 jure
928 1343 1066 1406 Episcopuli
1094 1343 1119 1391 in
1143 1343 1285 1405 Sequestris
1312 1349 1339 1392 et
1365 1344 1427 1404 aliis,

366 1405 576 1456 Archidiaccnatu
609 1415 711 1458 vnmnte
739 1408 937 1457 antedicto—ln
971 1408 1044 1470 cujus
1066 1408 1101 1456 rei
1123 1408 1297 1458 testimonium
1319 1409 1427 1471 sigillum

366 1475 480 1520 nostrum
509 1473 670 1522 Presentibus
705 1474 825 1522 duximus
854 1473 1037 1536 apponendum.
1080 1473 1114 1520 Et
1147 1471 1262 1521 Decauus
1294 1479 1321 1522 et
1355 1475 1427 1536 Cepi·

367 1537 450 1584 tulum
478 1553 506 1585 uc
540 1538 735 1588 Archidiaoonns
769 1539 882 1602 predicti,
906 1538 970 1586 hunc
1003 1537 1194 1586 ordinacionem
1222 1543 1333 1587 nostram
1360 1545 1426 1602 gret·

366 1608 438 1650 enter
459 1607 623 1665 acceptantes,
636 1604 716 1668 sigilla
742 1620 788 1653 suu
809 1603 925 1652 similiter
947 1603 1253 1666 opposuerunt-Delum
1269 1603 1372 1666 Enosis,
1387 1603 1428 1652 die

367 1670 393 1714 et
403 1681 469 1715 enno
479 1668 644 1730 supradictis3
665 1670 702 1719 45.

335 1731 394 1780 'l'his
410 1731 560 1782 isiollowcd
577 1734 610 1797 by
628 1751 643 1783 a
661 1735 748 1784 Letter
764 1735 829 1783 from
841 1733 886 1783 the
902 1733 1003 1796 Bishop‚
1020 1733 1047 1781 in
1058 1731 1140 1782 which
1155 1732 1187 1782 he
1202 1731 1427 1796 ordeins-“quod

366 1797 432 1846 idem
458 1797 573 1848 Decenus
601 1804 627 1847 et
655 1799 809 1863 Capitulum,
834 1799 900 1848 inira
926 1814 1037 1847 mensem
1065 1803 1199 1860 postquam
1226 1799 1292 1862 ipses
1320 1799 1429 1848 Vicariss

367 1863 406 1911 vel
433 1863 543 1926 aliquam
566 1879 652 1914 eorum
679 1879 765 1913 vacare
790 1864 929 1926 contigerit,
956 1864 1057 1912 idoneas
1088 1864 1208 1912 Personas
1230 1863 1302 1912 nobis
1324 1869 1351 1912 et
1372 1879 1426 1912 suc·

368 1927 503 1977 censoribus
523 1929 615 1978 nostris
640 1929 715 1978 libere
729 1933 874 1992 presentent
887 1929 940 1977 sine
955 1927 1104 1978 difficultate
1120 1929 1236 1977 munifice
1251 1927 1426 1978 instituendus.

368 1992 402 2041 nt
413 1993 533 2056 quioquid
545 1993 647 2043 interim
658 1995 755 2044 racione
766 1994 887 2057 sequestri
899 1993 931 2043 nd
942 2009 987 2042 noe
998 1999 1025 2042 et
1036 2009 1187 2042 successores
1195 1997 1292 2041 nostros
1303 1994 1427 2056 pertinere

368 2063 452 2119 posset
468 2059 568 2107 Decano
589 2060 691 2120 Exonie,
712 2060 756 2122 qui
777 2075 822 2122 pro
838 2065 951 2122 tempore
964 2058 1107 2120 inerit,‘per
1118 2059 1181 2106 hunc
1199 2057 1390 2108 Ordinscionem
1402 2065 1429 2108 et

368 2123 548 2172 concessionem
561 2129 672 2174 nostram
683 2129 805 2174 senescet
822 2125 849 2173 in
860 2129 1018 2188 perpetuum.
1054 2123 1084 2172 In
1104 2123 1177 2185 cnjus
1196 2122 1232 2170 rei
1250 2121 1427 2172 etc-Datum

367 2189 434 2249 apud
447 2189 577 2250 Exoniem,
587 2189 628 2237 die
638 2205 704 2238 cuno
713 2189 862 2254 supradictis
874 2205 880 2248 3
893 2188 951 2237 ibid.
988 2187 1093 2251 [Bishop
1105 2187 1258 2236 Grandisson
1270 2187 1315 2236 hus
1326 2189 1427 2238 written

367 2253 393 2300 in
405 2252 448 2301 the
460 2253 604 2316 margin—‘⁴
612 2254 680 2303 Nota
691 2257 722 2303 de
741 2255 880 2304 collacione
892 2253 1047 2302 Vicsriorum
1059 2252 1167 2302 Ecclesie
1180 2252 1363 2314 llxonieusia”]

265 2364 454 2431 -Ecclesie
469 2365 675 2434 Euonicnet'e
689 2365 972 2434 Statutu—-Noto¹
985 2391 1039 2431 :—

265 2485 340 2550 ’I'he
363 2485 485 2572 Bishop
501 2489 620 2562 writes,
635 2487 721 2552 froin
745 2489 855 2562 Wells,
871 2511 913 2552 on
928 2488 985 2552 the
1002 2487 1083 2552 need
1098 2486 1133 2552 oi
1156 2487 1267 2572 Septi,
1285 2487 1377 2564 1275,
1392 2491 1427 2552 to

357 2574 411 2637 the
428 2574 521 2638 Prior
532 2575 567 2638 oi'
583 2575 629 2639 St.
643 2575 675 2638 N
678 2575 816 2651 icholas',
829 2575 958 2648 Exeter,
968 2575 1033 2638 end
1049 2579 1084 2639 to
1096 2575 1217 2640 Master
1230 2573 1376 2638 Williem
1386 2575 1427 2640 dc

358 2659 500 2745 Capella,
515 2659 688 2726 Precentor
703 2662 738 2725 of
753 2661 919 2737 Crediton
934 2661 1012 2726 thus
1023 2686 1073 2724 :-

336 2781 407 2838 Cum,
419 2781 628 2830 exorbitncionem
650 2783 758 2831 Ecclesie
777 2788 861 2831 nostre
880 2782 1026 2831 Exoniensis
1046 2783 1077 2830 ed
1090 2787 1185 2831 statum
1197 2783 1312 2831 elebitnm
1325 2787 1352 2831 et
1361 2783 1426 2832 enti·

368 2861 447 2907 quum
459 2847 518 2894 olim
531 2847 685 2904 reducentes,
695 2848 802 2911 quedam
812 2849 915 2896 Stetute
928 2848 1037 2895 salubria
1050 2863 1100 2909 que
1112 2848 1227 2896 Deccuue
1243 2853 1269 2897 et
1281 2847 1427 2910 Capitulum

366 2916 480 2958 nostrum
499 2912 595 2960 Exonie
613 2913 764 2969 acceptando
782 2913 959 2974 approbarunt,
982 2927 1010 2960 ac
1029 2913 1173 2974 juramento
1185 2917 1212 2960 et
1222 2913 1346 2975 scriptura
1365 2919 1427 2962 tunc

367 2975 459 3037 placuit
476 2975 581 3036 firmare,
590 2977 747 3036 ediderimus,
760 2993 809 3040 que
826 2978 946 3026 hactenus
959 2977 1041 3025 minus
1054 2977 1132 3040 plene,
1145 2983 1175 3026 ut
1186 2978 1217 3025 de
1228 2983 1375 3040 contemptu
1389 2983 1425 3026 te·

367 3055 472 3098 cccmus,
485 3041 615 3090 observare
632 3049 759 3102 coronent,
772 3058 825 3100 nos,
846 3042 981 3091 Civitatem
999 3047 1026 3090 et
1045 3042 1168 3090 Diccesim
1189 3047 1308 3102 nostram,
1328 3043 1427 3092 volente

368 3105 481 3162 Domino,
494 3106 519 3153 iu
534 3106 601 3154 brevi
613 3107 713 3155 visitare
724 3113 750 3154 et
761 3123 776 3155 a
787 3107 867 3170 capite
884 3107 991 3169 incipere
1003 3110 1176 3170 proponentes,
1188 3107 1258 3154 vobis
1268 3107 1425 3168 mundemus,

368 3169 392 3216 in
411 3170 506 3218 virtute
518 3171 667 3230 obediencie,
679 3172 785 3220 firmiter·
804 3173 965 3234 injungentes
986 3173 1106 3234 quatinus
1126 3171 1251 3234 predictos
1264 3171 1426 3220 Decanumet

367 3235 520 3297 Capitulum,
534 3235 624 3284 rienes
641 3237 790 3285 auctoritate
809 3243 900 3296 nostra,
913 3237 1046 3298 diligenter
1063 3236 1185 3284 monentis
1203 3241 1229 3284 et
1248 3237 1379 3285 efficaciter
1389 3237 1426 3285 iu·

367 3298 463 3348 (lucetis
485 3307 517 3348 ut
543 3302 646 3350 Statilio
673 3303 791 3364 predicte,
809 3302 914 3363 singulis
933 3301 1091 3360 llbdomodis
1117 3301 1157 3349 die
1174 3301 1284 3362 sabbati,
1301 3301 1378 3350 semel
1395 3303 1427 3351 erl

367 3364 457 3424 miuus,
477 3366 509 3413 nul
528 3365 614 3414 horum
634 3365 683 3414 diei
702 3367 809 3428 primurn
827 3367 854 3414 in
867 3367 990 3428 Capitulc,
1002 3373 1060 3429 post
1072 3365 1249 3428 Martilogium,
1261 3382 1343 3414 coram
1364 3382 1390 3414 se
1402 3373 1428 3416 ct

367 3429 459 3478 clericis
472 3431 580 3478 Ecclesie
592 3431 639 3492 legi
650 3437 677 3479 et
687 3431 792 3490 reoiuiri,
802 3435 828 3479 ct
840 3433 941 3479 recitntn
949 3447 1007 3479 oum
1019 3431 1108 3478 effectu
1121 3431 1245 3478 observari
1252 3429 1351 3489 iaciant,
1362 3431 1428 3480 sicut

367 3493 541 3554 inobediencie,
564 3501 731 3559 contemptus,
762 3502 789 3544 et
811 3496 914 3559 perjurii
945 3500 1030 3544 notem
1050 3497 1157 3556 effugere
1181 3495 1319 3555 voluerint;
1348 3511 1380 3544 ne
1402 3497 1429 3546 iu

367 3561 512 3608 enecucione
519 3567 546 3606 et
553 3561 711 3609 visitacionis
718 3561 804 3620 officio,
812 3576 870 3609 cum
878 3561 1000 3620 acciderit,
1009 3577 1084 3623 supcr
1092 3561 1268 3620 inobediendo,
1273 3565 1428 3623 contemptu,

367 3629 393 3673 et
413 3626 623 3688 perjurio-quod
640 3627 804 3689 absit-ipsos
817 3641 921 3686 arguere
933 3626 1075 3674 debeamus.
1111 3625 1263 3687 Rescripturi
1275 3625 1346 3674 nobie
1365 3625 1429 3674 citra

369 3691 472 3740 Festum
484 3692 603 3740 Omnium
622 3693 778 3752 sanctirum,
791 3707 835 3754 per
856 3691 951 3739 Literos
972 3696 1067 3738 vestros
1087 3690 1212 3751 Potentes,
1233 3690 1323 3739 mmm
1339 3691 1428 3740 seriem

367 3756 531 3816 continentes,
543 3757 604 3818 quid
618 3757 725 3805 feceritis
737 3757 763 3804 in
778 3757 1043 3819 premissis-Datum
1055 3759 1102 3804 etc.
1118 3771 1124 3815 ;
1150 3751 1201 3804 66¹¹.

266 3851 339 3918 The
355 3853 616 3939 Succentorship,
632 3853 698 3918 end
714 3853 771 3918 the
787 3852 980 3919 Choristers'
997 3852 1170 3929 School,-

334 3973 407 4024 Anno
418 3977 513 4034 codem,
527 3975 630 4035 Exonie,
643 3975 669 4037 iij
691 3975 775 4024 Nonus
787 3975 879 4037 Aprilis
896 3973 921 4037 [3
936 3973 1014 4036 April,
1029 3973 1111 4032 12761,
1134 3972 1212 4021 exirit
1225 3972 1309 4021 Littera
1320 3969 1367 4019 sub
1382 3971 1429 4021 hec

367 4040 444 4090 forme
461 4039 630 4090 :-·-Unirersis
641 4045 687 4089 etc.
723 4041 848 4088 ivslterns
868 4045 913 4088 etc
932 4039 1038 4087 salutern
1051 4039 1077 4085 in
1091 4037 1198 4085 llonnino
1210 4037 1429 4098 sempiternam.-

368 4105 569 4155 Instrumentum
588 4105 750 4154 concessionis
769 4105 918 4153 dilectorum
936 4105 1053 4162 filiorum,
1073 4103 1166 4150 Decani
1185 4107 1210 4150 et
1229 4099 1338 4162 Capituli
1350 4101 1429 4149 nostri

277 4204 607 4212 —-.-.-..----‚--.
621 4203 802 4210 --—..—.--.-.
985 4201 1115 4208 ——.-.-
1183 4201 1192 4204 -
1213 4197 1276 4205 .......
1289 4193 1372 4202 -—--
1398 4198 1431 4206 ἡ.

267 4245 432 4309 ¹[“Ecrlesic.
467 4287 473 4299 .
509 4287 514 4298 .
554 4285 558 4295 .
597 4247 662 4298 Nolo
670 4249 695 4310 '']
713 4251 814 4298 written
826 4249 852 4297 iu
865 4249 908 4298 the
920 4249 1016 4312 margin
1030 4245 1063 4312 by
1075 4245 1169 4308 Bishop
1181 4243 1341 4293 Grandisson.

266 4314 278 4344 ²
296 4313 322 4364 ix
335 4313 457 4366 Kalendas
469 4313 593 4368 Octobris.
