3298 4984
296 414 343 486 56
530 433 671 488 arsace
688 412 996 489 saourscuuea's
1014 434 1208 488 auersere.

394 590 504 642 Ecclesie
515 593 601 644 Sancti
612 595 710 644 Petroci
723 595 861 656 Bodminie,
873 600 900 644 et
912 595 1038 644 Andream
1048 596 1156 658 Gydion,
1168 593 1325 658 presbiteros,
1338 590 1444 664 coniictq

394 662 481 706 contra
500 675 541 708 eos
560 661 714 709 mendaciter
736 661 938 724 transgressionis
955 661 1037 724 pallio,
1055 661 1150 723 injuste
1165 661 1219 722 capi
1238 664 1265 708 et
1284 659 1337 706 diro
1355 669 1445 705 carceri

394 723 530 787 mancipari
541 725 620 774 iacere
632 741 681 774 non
702 727 810 788 expavit,
830 727 857 774 in
876 726 958 775 anime
970 742 1014 775 sue
1030 727 1176 788 periculum,
1189 724 1360 773 Ecclesiastico
1371 721 1444 769 liber-

395 787 455 836 tatis
466 789 641 852 prejudicium,
654 796 680 838 et
690 791 835 839 scandalum
847 791 1020 854 plurimorum.
1047 791 1165 850 Quocirca
1176 790 1247 838 vobis
1258 789 1407 837 mandamus
1419 785 1445 832 in

396 851 491 902 virtute
510 854 659 912 obediencie,
685 856 791 904 firmiter
817 857 979 919 injungentes
1005 857 1133 919 quatinus,
1152 855 1258 917 receptis
1277 851 1445 908 Presentibus,

396 918 522 967 modetia
542 921 612 968 vobis
634 921 760 982 aliquibus
782 922 893 984 personis
921 921 1104 981 Ecclesiasticis,
1127 921 1254 983 prefatum
1277 916 1444 968 senescallum

396 983 518 1032 moneatis
539 991 565 1033 et
585 986 715 1034 efficaciter
731 985 857 1034 inducatis
872 991 903 1034 ut
922 986 1032 1047 prelatus
1050 986 1157 1034 Clericus
1177 985 1262 1034 taliter
1283 984 1447 1031 incarceratos

396 1046 463 1096 inira
481 1049 595 1098 triduum
619 1055 676 1112 poet
699 1051 862 1098 municionem
885 1057 994 1098 vestram
1022 1051 1117 1109 liberet,
1146 1056 1172 1098 et
1199 1050 1317 1097 liberatos
1340 1048 1365 1095 in
1388 1061 1447 1108 pecc

396 1111 517 1162 dimittat.
552 1115 670 1176 Alioquin
689 1115 772 1163 citetis
792 1131 850 1164 eum
871 1115 1035 1178 peremptorie
1050 1116 1125 1178 quod,
1146 1115 1258 1178 proximo
1276 1115 1317 1162 die
1338 1111 1446 1174 juridico

397 1183 454 1239 prust
472 1178 576 1227 Festum
597 1179 682 1228 Sancti
702 1181 836 1240 Michaelis,
854 1181 881 1228 in
902 1180 991 1243 Majori
1012 1181 1120 1228 Ecclesia
1140 1179 1282 1238 Exuniensi,
1305 1180 1447 1239 compareat

396 1257 479 1291 coram
490 1245 562 1292 nobis
574 1245 612 1292 vel
626 1245 689 1292 vices
701 1250 798 1294 nostras
809 1251 917 1307 gerente,
935 1261 1010 1308 super
1025 1245 1150 1293 dictorum
1168 1245 1319 1293 Clericorum
1332 1241 1447 1304 capcione

397 1311 423 1355 et
434 1307 581 1358 detenciono
599 1325 770 1372 responsurus,
791 1311 903 1358 facturus
921 1315 948 1357 et
963 1315 1107 1372 recepturus
1125 1311 1192 1372 quod
1211 1309 1312 1372 justicia
1323 1306 1446 1356 suadebit.

397 1371 468 1421 idem
480 1389 580 1436 quoque
592 1375 752 1434 senescallus,
760 1375 826 1422 sicut
837 1392 868 1422 ex
880 1375 1005 1436 frequenti
1017 1370 1123 1422 clamore
1134 1375 1293 1422 subditorum
1303 1378 1446 1421 nostrorum

397 1438 500 1486 auribus
512 1440 603 1487 nostris
616 1439 734 1496 insonuit,
747 1441 804 1501 jum
816 1445 843 1486 et
861 1440 988 1488 libertates
1001 1439 1182 1488 Ecclesiasticus
1194 1457 1256 1486 arrsu
1270 1437 1408 1495 tenuerario,
1420 1436 1446 1482 in

397 1507 480 1552 status
499 1504 607 1552 Ecclesie
628 1511 654 1552 et
676 1505 741 1553 Cleri
763 1505 957 1564 subversionem,
978 1505 1132 1566 impugnare,
1153 1505 1277 1562 mutilare,
1301 1502 1447 1560 diminuere,

396 1567 538 1631 infringere,
561 1575 588 1616 et
607 1575 717 1618 evertere
738 1585 788 1617 nun
814 1570 941 1622 formidat.
958 1569 1064 1618 Clericus
1087 1571 1202 1617 videlicet
1219 1577 1245 1616 et
1266 1566 1448 1616 Ecclesiasticus

469 1649 520 1694 nas,
533 1639 619 1682 eontra
629 1650 755 1682 sacrorum
767 1634 898 1682 Oanonum
915 1639 1019 1693 statuta,
1036 1634 1062 1682 in
1080 1635 1251 1696 personalibus
1262 1632 1403 1681 accionibus
1420 1630 1447 1677 in

409 1713 451 1745 oro
463 1699 566 1746 seculari
578 1714 659 1746 coram
673 1715 698 1746 se
711 1699 735 1746 in
751 1699 874 1762 judicium
888 1699 966 1747 trahit
977 1699 1076 1758 invitus,
1093 1700 1201 1746 mulctas
1218 1705 1244 1746 et
1261 1714 1335 1760 peusis
1347 1695 1447 1760 pecuni-

397 1762 461 1810 arias
472 1763 499 1810 in
516 1763 667 1812 immensum
685 1780 728 1826 per
744 1765 881 1826 exquisitas
898 1764 1067 1811 districciones
1078 1769 1105 1811 et
1121 1765 1274 1826 exergitatus
1291 1762 1400 1810 malicias
1417 1759 1449 1807 ab

398 1825 490 1875 eisdem
503 1833 655 1891 extorquet;
672 1829 703 1876 de
721 1830 879 1876 testamentis
896 1834 922 1878 et
939 1829 970 1877 de
987 1828 1059 1876 bonis
1075 1829 1261 1888 defuncturum,
1274 1825 1447 1884 matrimoniis,

397 1892 507 1952 decimis,
515 1898 541 1941 et
552 1893 609 1955 jure
618 1893 779 1952 decimanum,
788 1894 1005 1942 Sacramentorum
1018 1898 1044 1940 et
1055 1893 1277 1942 sacramentalium
1290 1891 1447 1955 percepciona

397 1955 429 2004 de
441 1956 506 2005 iactu
523 1958 631 2018 ordinat,
644 1960 713 2006 etde
725 1959 819 2006 eisdem
831 1963 857 2006 et
868 1959 922 2006 aliis
934 1975 983 2020 que
995 1959 1026 2006 ad
1039 1959 1121 2006 iorum
1138 1959 1337 2006 Ecclesiasticum
1347 1973 1397 2004 nun
1409 1960 1448 2002 est

397 2021 504 2070 dubium
516 2023 639 2085 pertinere
651 2039 695 2085 pro
706 2039 750 2071 suo
762 2023 833 2072 libito
846 2023 982 2071 voluntatis
998 2024 1116 2085 disponit,
1135 2025 1242 2070 Clericus
1259 2023 1336 2070 eciam
1348 2021 1407 2069 alios
1422 2025 1448 2067 et

398 2086 580 2136 Ecclesiasticus
598 2103 713 2150 personas
730 2088 849 2150 injuriose
866 2089 938 2150 cepit,
959 2088 1101 2147 incarcerat,
1119 2093 1145 2135 et
1164 2104 1178 2135 u
1198 2089 1349 2150 quibusdum
1361 2100 1447 2133 eorum

397 2165 497 2214 gravem
509 2157 643 2215 extorquet
654 2153 857 2216 redempcionem
900 2153 1032 2215 Sacrilegia
1048 2169 1149 2216 quoque
1166 2159 1192 2200 et
1208 2153 1256 2200 ulis
1272 2151 1381 2200 enormia
1398 2167 1448 2212 quc

399 2217 592 2266 conniventibus
615 2217 693 2266 oeulis
712 2217 848 2266 incorrecte
865 2218 1014 2281 pertransire
1031 2219 1156 2277 nolumus,
1174 2217 1248 2265 sicuti
1265 2233 1310 2264 nec
1321 2217 1448 2274 debemus,

399 2282 538 2331 committit
550 2287 636 2331 contre
651 2283 734 2331 Deum
746 2287 773 2330 et
790 2283 925 2331 Canonicas
943 2283 1089 2332 sauceiunes
1126 2285 1207 2341 Quare
1219 2283 1289 2329 vobis
1300 2281 1449 2329 mandamus

399 2345 426 2394 in
441 2346 535 2395 virtute
551 2347 693 2396 obediencie
710 2348 826 2410 predicte,
844 2347 951 2395 linniter
966 2347 1129 2411 injungentes
1146 2347 1265 2409 quatinus
1282 2350 1449 2394 memoratum

401 2411 568 2460 Senescullum
587 2413 669 2461 citatis
688 2412 852 2476 peremptorie
871 2413 939 2474 quod
955 2412 1029 2461 dictis
1046 2413 1087 2460 die
1105 2419 1131 2460 et
1150 2413 1210 2470 loco,
1229 2427 1311 2460 comm
1323 2411 1394 2458 nobis
1411 2409 1451 2457 vel

401 2477 467 2526 vices
478 2481 575 2525 nostras
589 2482 691 2538 gerente
702 2483 850 2540 compareat,
862 2493 937 2539 super
953 2477 1001 2525 hiis
1013 2481 1039 2525 et
1050 2477 1104 2525 aliis
1115 2478 1162 2525 sibi
1173 2477 1308 2525 obiciendis
1320 2490 1450 2538 responsu-

401 2557 452 2602 rus,
460 2541 579 2602 facturus,
588 2547 614 2590 et
625 2547 771 2604 recepturus
782 2543 850 2604 quod
861 2543 925 2605 juris
934 2542 1012 2590 fuerit
1020 2547 1046 2590 et
1057 2543 1168 2590 racionis.
1198 2542 1291 2600 erudsi
1303 2557 1353 2588 non
1365 2555 1451 2588 omnes

402 2605 450 2654 hiis
462 2607 613 2669 exequendis
625 2607 743 2655 interesse
754 2607 877 2670 poteritis,
897 2608 948 2654 duo
967 2613 1087 2668 vestrum,
1104 2608 1142 2655 vel
1156 2623 1221 2654 unsis
1232 2623 1261 2654 ea
1276 2605 1452 2654 nichilominus

402 2675 548 2734 exequatur.
594 2671 628 2719 Et
644 2673 706 2734 quid
723 2673 781 2720 inde
798 2671 906 2720 feceritis
926 2687 971 2719 uos
989 2673 1078 2720 literis
1096 2673 1184 2720 vestris
1196 2671 1350 2729 Potentibus,
1363 2671 1452 2717 harum

402 2735 490 2784 seriem
510 2737 704 2796 continentibus,
717 2737 863 2796 certificetis,
876 2737 942 2784 diem
960 2737 1108 2798 reeepciunis
1127 2737 1284 2785 Prusensium
1302 2749 1331 2784 ae
1348 2735 1452 2782 modum

403 2801 548 2849 municionis
561 2806 586 2849 et
599 2801 725 2849 citacionis
737 2802 830 2849 eisdem
841 2801 984 2850 inserentes.
1019 2802 1114 2849 Datum
1127 2807 1157 2849 ut
1168 2817 1242 2863 supra
1251 2801 1324 2848 -iul
1338 2802 1375 2847 56.

371 2889 402 2899 -
415 2865 588 2926 Commission,
596 2865 706 2914 directed
715 2871 742 2914 te
751 2866 795 2914 the
806 2867 875 2914 Dean
884 2867 934 2914 aad
941 2867 985 2914 the
993 2867 1133 2926 Precentor,
1140 2867 1190 2913 and
1199 2872 1226 2913 to
1237 2865 1281 2913 the
1292 2865 1452 2913 Arehdeswn

402 2930 429 2978 oi
441 2929 729 2979 Cornvvall.—-Walterus
741 2936 787 2978 etc.
813 2968 819 2978 .
855 2967 861 2979 .
893 2931 923 2978 In
934 2931 1051 2978 omnibus
1063 2931 1282 2979 DominoRieardo
1294 2931 1325 2977 de
1337 2931 1454 2992 Seytune,

405 2994 544 3043 Seneeeallo
556 2995 688 3056 cornubie,
700 3000 727 3044 et
738 2995 792 3043 aliis
803 2995 828 3042 in
842 2995 887 3043 hac
899 3001 969 3058 parte
980 2996 1032 3043 suis
1047 2996 1215 3058 complicibus,
1226 2996 1283 3057 jure
1294 2995 1398 3042 accionis
1409 3009 1454 3041 seu

405 3059 484 3108 officio
503 3059 601 3108 Jndicis
618 3060 760 3120 obiciendis,
773 3065 799 3108 et
810 3065 896 3108 contra
908 3061 1007 3108 ecsrlem
1024 3061 1240 3123 qualitercumque
1251 3059 1416 3122 proponendis
1427 3063 1455 3106 et

405 3124 564 3186 exequendis,
577 3124 646 3173 vobis
657 3125 820 3188 conjunctim,
833 3125 940 3185 divisim,
958 3125 1081 3186 omnibus,
1099 3125 1204 3186 duobus,
1221 3125 1260 3172 vel
1272 3125 1324 3182 uni,
1341 3139 1403 3186 quos
1415 3122 1455 3171 vel

406 3204 481 3252 quem
494 3194 621 3252 presentes
632 3203 676 3238 seu
688 3195 830 3252 presentem
848 3205 901 3238 esse
917 3191 1056 3252 contigerit,
1075 3191 1139 3238 vices
1157 3195 1254 3238 nostras
1265 3188 1453 3238 committimus.

406 3253 437 3302 In
456 3253 531 3317 eujus
550 3254 585 3302 rei
600 3255 774 3303 testimonium
786 3255 947 3303 Presentibus
965 3255 1067 3303 Litteris
1083 3255 1192 3318 sigillum
1203 3259 1318 3302 nostrum
1334 3253 1456 3301 duximus

405 3319 719 3381 apponendum-Datum
739 3319 806 3382 apud
830 3319 909 3382 Clyst,
932 3319 973 3368 die
1001 3319 1117 3368 Mercurii
1139 3320 1251 3382 proxima
1273 3323 1332 3366 ante
1351 3318 1455 3366 Festum

406 3383 492 3432 Sancti
509 3383 641 3444 Michaelis,
661 3384 860 3433 Consecracionis
875 3386 967 3432 Nostra
982 3384 1056 3432 Anno
1071 3385 1136 3448 xvij⁰
1148 3383 1190 3448 [26
1207 3386 1284 3446 Sept,
1297 3381 1371 3444 1274]
1383 3399 1388 3442 ;
1402 3379 1453 3432 orb.

406 3446 440 3510 [A
452 3448 501 3497 like
513 3449 677 3498 commission
689 3465 740 3498 was
751 3449 870 3509 directed,
883 3465 913 3498 ou
928 3449 971 3498 the
982 3449 1109 3512 following
1120 3451 1176 3513 day,
1185 3455 1212 3498 to
1224 3451 1301 3510 Dean,
1315 3448 1455 3510 Precentor,

403 3515 453 3562 and
464 3513 611 3563 Ohancellor
624 3531 631 3574 ;
648 3511 719 3576 itte]

307 3673 351 3685 -
364 3633 572 3718 composicio
578 3633 674 3715 foetu
684 3633 776 3700 nater
792 3634 984 3712 Woltoruaua,
1000 3633 1209 3722 Episcopum
1220 3633 1456 3710 Eeoua'ouserm

395 3728 425 3788 et
440 3721 703 3800 Eodmuuduru,
720 3721 881 3788 Comitem
897 3721 1064 3788 Ournubio
1076 3747 1129 3786 :—

374 3843 498 3892 Noverint
519 3843 630 3892 universi
652 3847 780 3906 presentes
803 3843 899 3892 Literas
922 3843 998 3892 visuri
1020 3843 1060 3892 vel
1082 3843 1194 3892 audituri
1216 3843 1291 3906 quod,
1312 3857 1369 3891 eum
1391 3841 1459 3890 inter

406 3908 579 3958 venerabilem
588 3909 688 3957 Patrem
701 3909 839 3957 Dominum
851 3908 998 3968 Walterum,
1007 3909 1173 3957 Exoniensem
1183 3907 1341 3971 Episcopum,
1349 3922 1378 3954 ex
1386 3911 1459 3968 parte

407 3987 465 4033 une,
483 3978 511 4022 et
532 3973 641 4021 nobilem
664 3974 746 4022 vinam
769 3973 907 4022 Dominum
930 3974 1102 4034 Edmundum,
1121 3973 1247 4022 Comitem
1273 3971 1404 4030 cornubie,
1427 3985 1460 4019 ex

408 4038 493 4098 altera,
505 4053 580 4101 super
591 4037 742 4098 quibusdam
755 4038 959 4086 contencionibus
970 4045 997 4086 et
1005 4037 1249 4101 transgressionibus,
1261 4037 1329 4086 dieto
1336 4036 1459 4099 Episcopo

408 4107 435 4150 et
455 4103 563 4151 Eeclesie
582 4103 717 4151 Exoniensi
736 4103 819 4162 illatis,
839 4102 943 4151 suborta
957 4103 1047 4152 inisset
1063 4103 1167 4152 materia
1181 4102 1326 4166 questionis,
1345 4117 1373 4149 ae
1391 4101 1461 4150 dicte

409 4167 496 4216 Partes
508 4167 533 4215 in
545 4168 597 4215 altu
608 4173 635 4215 et
646 4168 717 4216 basso
728 4167 839 4228 arbitrio,
850 4168 1009 4225 ordinacioni,
1021 4171 1128 4229 decreto,
1140 4185 1184 4217 seu
1201 4168 1277 4216 laudo
1294 4181 1369 4228 super
1383 4165 1461 4216 dictis

408 4233 612 4282 contencionibus
624 4238 651 4280 et
662 4233 898 4295 transgressionibus
906 4233 1060 4281 Venerabilis
1071 4233 1152 4282 Patris
1161 4232 1263 4281 Domini
1272 4229 1461 4280 Oantuariensis

407 4297 591 4361 Archiepiscopi
604 4313 630 4346 se
641 4297 823 4360 submisissent,
836 4299 939 4347 tandem
953 4298 1048 4361 placuit
1064 4298 1181 4348 Partibus
1192 4296 1343 4356 memoratis,
1355 4301 1382 4345 et
1392 4295 1462 4347 iuter
