<?xml version="1.0" encoding="UTF-8"?>
<!DOCTYPE html PUBLIC "-//W3C//DTD XHTML 1.0 Transitional//EN"
    "http://www.w3.org/TR/xhtml1/DTD/xhtml1-transitional.dtd">
<html xmlns="http://www.w3.org/1999/xhtml" xml:lang="en" lang="en">
 <head>
  <title>
</title>
<meta http-equiv="Content-Type" content="text/html;charset=utf-8" />
  <meta name='ocr-system' content='tesseract 3.04.00' />
  <meta name='ocr-capabilities' content='ocr_page ocr_carea ocr_par ocr_line ocrx_word'/>
</head>
<body>
  <div class='ocr_page' id='page_1' title='image "./registerswalter00hinggoog_0054.png"; bbox 0 0 3224 4984; ppageno 0'>
   <div class='ocr_carea' id='block_1_1' title="bbox 326 443 1048 525">
    <p class='ocr_par' dir='ltr' id='par_1_1' title="bbox 326 443 1048 525">
     <span class='ocr_line' id='line_1_1' title="bbox 326 443 1048 525; baseline 0.006 -7"><span class='ocrx_word' id='word_1_1' title='bbox 326 443 373 519; x_wconf 74' lang='lat'><strong>12</strong></span> <span class='ocrx_word' id='word_1_2' title='bbox 757 459 835 524; x_wconf 78' lang='lat' dir='ltr'><strong>rna</strong></span> <span class='ocrx_word' id='word_1_3' title='bbox 859 459 1048 525; x_wconf 69' lang='lat' dir='ltr'><strong>ssereret</strong></span> 
     </span>
    </p>
   </div>
   <div class='ocr_carea' id='block_1_2' title="bbox 322 618 1480 785">
    <p class='ocr_par' dir='ltr' id='par_1_2' title="bbox 322 618 1480 785">
     <span class='ocr_line' id='line_1_2' title="bbox 324 618 1480 687; baseline -0.009 -10"><span class='ocrx_word' id='word_1_4' title='bbox 324 624 446 686; x_wconf 69' lang='lat' dir='ltr'><strong>asportari</strong></span> <span class='ocrx_word' id='word_1_5' title='bbox 476 630 649 687; x_wconf 74' lang='lat' dir='ltr'><strong>procurarunt,</strong></span> <span class='ocrx_word' id='word_1_6' title='bbox 679 629 726 674; x_wconf 87' lang='lat' dir='ltr'><strong>aut</strong></span> <span class='ocrx_word' id='word_1_7' title='bbox 747 625 807 674; x_wconf 86' lang='lat' dir='ltr'><strong>alias</strong></span> <span class='ocrx_word' id='word_1_8' title='bbox 825 626 1004 675; x_wconf 84' lang='lat' dir='ltr'><strong>abstulerunt:</strong></span> <span class='ocrx_word' id='word_1_9' title='bbox 1029 629 1057 674; x_wconf 88' lang='lat' dir='ltr'><strong>et</strong></span> <span class='ocrx_word' id='word_1_10' title='bbox 1073 625 1167 673; x_wconf 88' lang='lat' dir='ltr'><strong>debent</strong></span> <span class='ocrx_word' id='word_1_11' title='bbox 1188 622 1338 680; x_wconf 81' lang='lat' dir='ltr'><strong>certificare;</strong></span> <span class='ocrx_word' id='word_1_12' title='bbox 1357 618 1426 684; x_wconf 88' lang='lat' dir='ltr'><strong>quod</strong></span> <span class='ocrx_word' id='word_1_13' title='bbox 1452 622 1480 668; x_wconf 88' lang='lat' dir='ltr'><strong>et</strong></span> 
     </span>
     <span class='ocr_line' id='line_1_3' title="bbox 322 687 1207 785; baseline 0.002 -49"><span class='ocrx_word' id='word_1_14' title='bbox 322 687 420 737; x_wconf 85' lang='lat' dir='ltr'><strong>iactum</strong></span> <span class='ocrx_word' id='word_1_15' title='bbox 430 693 470 783; x_wconf 59' lang='lat' dir='ltr'><strong>es&#39;t</strong></span> <span class='ocrx_word' id='word_1_16' title='bbox 480 705 525 752; x_wconf 89' lang='lat' dir='ltr'><strong>per</strong></span> <span class='ocrx_word' id='word_1_17' title='bbox 536 689 744 784; x_wconf 38' lang='lat' dir='ltr'><strong>literas‘Decani,</strong></span> <span class='ocrx_word' id='word_1_18' title='bbox 755 691 800 754; x_wconf 91' lang='lat' dir='ltr'><strong>qui</strong></span> <span class='ocrx_word' id='word_1_19' title='bbox 808 697 931 785; x_wconf 65' lang='lat' dir='ltr'><strong>executus</strong></span> <span class='ocrx_word' id='word_1_20' title='bbox 942 687 1150 781; x_wconf 61' lang='lat' dir='ltr'><strong>mtmmdatum¹</strong></span> <span class='ocrx_word' id='word_1_21' title='bbox 1163 708 1177 778; x_wconf 48' lang='grc' dir='ltr'><strong>;ᾖ</strong></span> <span class='ocrx_word' id='word_1_22' title='bbox 1186 691 1207 738; x_wconf 82' lang='lat'><strong>5.</strong></span> 
     </span>
    </p>
   </div>
   <div class='ocr_carea' id='block_1_3' title="bbox 322 750 1532 3312">
    <p class='ocr_par' dir='ltr' id='par_1_3' title="bbox 1342 750 1355 774">
     <span class='ocr_line' id='line_1_4' title="bbox 1342 750 1355 774; baseline 0 -2"><span class='ocrx_word' id='word_1_23' title='bbox 1342 750 1355 774; x_wconf 67' lang='grc'>1</span> 
     </span>
    </p>

    <p class='ocr_par' dir='ltr' id='par_1_4' title="bbox 325 813 1478 1204">
     <span class='ocr_line' id='line_1_5' title="bbox 359 813 1478 884; baseline -0.004 -18"><span class='ocrx_word' id='word_1_24' title='bbox 359 816 433 866; x_wconf 76' lang='lat' dir='ltr'><strong>Anno</strong></span> <span class='ocrx_word' id='word_1_25' title='bbox 445 818 520 868; x_wconf 89' lang='lat' dir='ltr'><strong>etdic</strong></span> <span class='ocrx_word' id='word_1_26' title='bbox 528 819 622 869; x_wconf 85' lang='lat' dir='ltr'><strong>eisdem</strong></span> <span class='ocrx_word' id='word_1_27' title='bbox 634 818 697 884; x_wconf 85' lang='lat' dir='ltr'><strong>[xvij</strong></span> <span class='ocrx_word' id='word_1_28' title='bbox 711 821 837 870; x_wconf 85' lang='lat' dir='ltr'><strong>Kalendas</strong></span> <span class='ocrx_word' id='word_1_29' title='bbox 849 820 949 883; x_wconf 79' lang='lat' dir='ltr'><strong>Aprilis,</strong></span> <span class='ocrx_word' id='word_1_30' title='bbox 960 823 997 869; x_wconf 73' lang='lat' dir='ltr'><strong>te</strong></span> <span class='ocrx_word' id='word_1_31' title='bbox 1012 821 1042 868; x_wconf 90' lang='lat'><strong>16</strong></span> <span class='ocrx_word' id='word_1_32' title='bbox 1050 819 1143 879; x_wconf 88' lang='lat' dir='ltr'><strong>March,</strong></span> <span class='ocrx_word' id='word_1_33' title='bbox 1154 819 1262 879; x_wconf 81' lang='lat'><strong>1258-9],</strong></span> <span class='ocrx_word' id='word_1_34' title='bbox 1274 817 1418 878; x_wconf 75' lang='lat' dir='ltr'><strong>consignata</strong></span> <span class='ocrx_word' id='word_1_35' title='bbox 1426 813 1478 862; x_wconf 83' lang='lat' dir='ltr'><strong>luit</strong></span> 
     </span>
     <span class='ocr_line' id='line_1_6' title="bbox 325 879 1478 948; baseline -0.003 -17"><span class='ocrx_word' id='word_1_36' title='bbox 325 883 433 944; x_wconf 85' lang='lat' dir='ltr'><strong>quedam</strong></span> <span class='ocrx_word' id='word_1_37' title='bbox 460 883 544 933; x_wconf 82' lang='lat' dir='ltr'><strong>litera</strong></span> <span class='ocrx_word' id='word_1_38' title='bbox 569 901 645 947; x_wconf 86' lang='lat' dir='ltr'><strong>super</strong></span> <span class='ocrx_word' id='word_1_39' title='bbox 667 901 731 948; x_wconf 84' lang='lat' dir='ltr'><strong>aque</strong></span> <span class='ocrx_word' id='word_1_40' title='bbox 749 886 828 934; x_wconf 87' lang='lat' dir='ltr'><strong>ducto</strong></span> <span class='ocrx_word' id='word_1_41' title='bbox 849 887 881 934; x_wconf 86' lang='lat' dir='ltr'><strong>de</strong></span> <span class='ocrx_word' id='word_1_42' title='bbox 898 886 979 933; x_wconf 93' lang='lat' dir='ltr'><strong>Domo</strong></span> <span class='ocrx_word' id='word_1_43' title='bbox 1002 885 1119 933; x_wconf 80' lang='lat' dir='ltr'><strong>Fratrum</strong></span> <span class='ocrx_word' id='word_1_44' title='bbox 1144 883 1332 932; x_wconf 84' lang='lat' dir='ltr'><strong>Predicatorum</strong></span> <span class='ocrx_word' id='word_1_45' title='bbox 1348 879 1478 942; x_wconf 83' lang='lat' dir='ltr'><strong>usquead</strong></span> 
     </span>
     <span class='ocr_line' id='line_1_7' title="bbox 325 947 1477 1012; baseline -0.003 -17"><span class='ocrx_word' id='word_1_46' title='bbox 325 947 427 996; x_wconf 84' lang='lat' dir='ltr'><strong>Curiam</strong></span> <span class='ocrx_word' id='word_1_47' title='bbox 439 949 541 997; x_wconf 89' lang='lat' dir='ltr'>Domini</span> <span class='ocrx_word' id='word_1_48' title='bbox 553 950 669 1012; x_wconf 73' lang='lat' dir='ltr'><strong>Episcopi</strong></span> <span class='ocrx_word' id='word_1_49' title='bbox 680 951 706 998; x_wconf 91' lang='lat' dir='ltr'><strong>in</strong></span> <span class='ocrx_word' id='word_1_50' title='bbox 718 951 770 998; x_wconf 88' lang='lat' dir='ltr'><strong>suis</strong></span> <span class='ocrx_word' id='word_1_51' title='bbox 788 951 946 1008; x_wconf 77' lang='lat' dir='ltr'>adventibus,</span> <span class='ocrx_word' id='word_1_52' title='bbox 964 954 990 997; x_wconf 92' lang='lat' dir='ltr'><strong>et</strong></span> <span class='ocrx_word' id='word_1_53' title='bbox 1007 965 1036 998; x_wconf 92' lang='lat' dir='ltr'><strong>eo</strong></span> <span class='ocrx_word' id='word_1_54' title='bbox 1052 949 1119 1012; x_wconf 87' lang='lat' dir='ltr'><strong>apud</strong></span> <span class='ocrx_word' id='word_1_55' title='bbox 1133 949 1254 997; x_wconf 86' lang='lat' dir='ltr'><strong>Exoniam</strong></span> <span class='ocrx_word' id='word_1_56' title='bbox 1267 947 1477 1010; x_wconf 77' lang='lat' dir='ltr'>quandocumque</span> 
     </span>
     <span class='ocr_line' id='line_1_8' title="bbox 325 1011 1476 1077; baseline -0.003 -17"><span class='ocrx_word' id='word_1_57' title='bbox 325 1017 510 1068; x_wconf 84' lang='lat' dir='ltr'><strong>commorantc;</strong></span> <span class='ocrx_word' id='word_1_58' title='bbox 528 1014 564 1062; x_wconf 85' lang='lat' dir='ltr'><strong>ita</strong></span> <span class='ocrx_word' id='word_1_59' title='bbox 582 1015 650 1077; x_wconf 93' lang='lat' dir='ltr'><strong>quod</strong></span> <span class='ocrx_word' id='word_1_60' title='bbox 667 1015 752 1063; x_wconf 88' lang='lat' dir='ltr'><strong>nullus</strong></span> <span class='ocrx_word' id='word_1_61' title='bbox 769 1031 938 1064; x_wconf 85' lang='lat' dir='ltr'><strong>successorum</strong></span> <span class='ocrx_word' id='word_1_62' title='bbox 956 1029 1067 1073; x_wconf 89' lang='lat' dir='ltr'><strong>suorum,</strong></span> <span class='ocrx_word' id='word_1_63' title='bbox 1079 1029 1196 1076; x_wconf 83' lang='lat' dir='ltr'><strong>processu</strong></span> <span class='ocrx_word' id='word_1_64' title='bbox 1207 1018 1326 1075; x_wconf 85' lang='lat' dir='ltr'><strong>tempore,</strong></span> <span class='ocrx_word' id='word_1_65' title='bbox 1344 1012 1369 1059; x_wconf 88' lang='lat' dir='ltr'><strong>iu</strong></span> <span class='ocrx_word' id='word_1_66' title='bbox 1389 1011 1476 1058; x_wconf 87' lang='lat' dir='ltr'><strong>eodcrn</strong></span> 
     </span>
     <span class='ocr_line' id='line_1_9' title="bbox 325 1073 1476 1142; baseline -0.003 -17"><span class='ocrx_word' id='word_1_67' title='bbox 325 1091 390 1139; x_wconf 87' lang='lat' dir='ltr'><strong>nque</strong></span> <span class='ocrx_word' id='word_1_68' title='bbox 401 1077 479 1126; x_wconf 89' lang='lat' dir='ltr'><strong>ductu</strong></span> <span class='ocrx_word' id='word_1_69' title='bbox 492 1079 534 1141; x_wconf 81' lang='lat' dir='ltr'><strong>jus</strong></span> <span class='ocrx_word' id='word_1_70' title='bbox 545 1078 593 1127; x_wconf 89' lang='lat' dir='ltr'><strong>sibi</strong></span> <span class='ocrx_word' id='word_1_71' title='bbox 604 1079 683 1142; x_wconf 89' lang='lat' dir='ltr'><strong>possit</strong></span> <span class='ocrx_word' id='word_1_72' title='bbox 694 1080 837 1134; x_wconf 76' lang='lat' dir='ltr'><strong>vendicare:</strong></span> <span class='ocrx_word' id='word_1_73' title='bbox 857 1077 894 1128; x_wconf 71' lang='lat' dir='ltr'><strong>hb</strong></span> <span class='ocrx_word' id='word_1_74' title='bbox 927 1080 969 1140; x_wconf 92' lang='lat' dir='ltr'><strong>[ln</strong></span> <span class='ocrx_word' id='word_1_75' title='bbox 981 1079 1025 1128; x_wconf 89' lang='lat' dir='ltr'><strong>the</strong></span> <span class='ocrx_word' id='word_1_76' title='bbox 1036 1079 1185 1142; x_wconf 83' lang='lat' dir='ltr'><strong>margin-“</strong></span> <span class='ocrx_word' id='word_1_77' title='bbox 1194 1093 1255 1142; x_wconf 74' lang='lat' dir='ltr'><strong>oque</strong></span> <span class='ocrx_word' id='word_1_78' title='bbox 1261 1077 1354 1126; x_wconf 78' lang='lat' dir='ltr'><strong>ductas.</strong></span> <span class='ocrx_word' id='word_1_79' title='bbox 1366 1075 1433 1123; x_wconf 83' lang='lat' dir='ltr'><strong>Noto</strong></span> <span class='ocrx_word' id='word_1_80' title='bbox 1442 1093 1451 1129; x_wconf 84' lang='lat'><strong>,-</strong></span> <span class='ocrx_word' id='word_1_81' title='bbox 1460 1073 1476 1092; x_wconf 78' lang='lat'><strong>&#39;⁸</strong></span> 
     </span>
     <span class='ocr_line' id='line_1_10' title="bbox 325 1142 529 1204; baseline 0.005 -13"><span class='ocrx_word' id='word_1_82' title='bbox 325 1142 529 1204; x_wconf 76' lang='lat' dir='ltr'><strong>—Grandisson1¹</strong></span> 
     </span>
    </p>

    <p class='ocr_par' dir='ltr' id='par_1_5' title="bbox 451 1207 1355 1238">
     <span class='ocr_line' id='line_1_11' title="bbox 451 1207 1355 1238; baseline -0.002 0"><span class='ocrx_word' id='word_1_83' title='bbox 451 1208 466 1237; x_wconf 79' lang='grc' dir='ltr'>ι</span> <span class='ocrx_word' id='word_1_84' title='bbox 629 1207 642 1231; x_wconf 77' lang='grc' dir='ltr'>ι</span> <span class='ocrx_word' id='word_1_85' title='bbox 807 1213 820 1238; x_wconf 68' lang='lat' dir='ltr'><strong>s</strong></span> <span class='ocrx_word' id='word_1_86' title='bbox 984 1207 998 1232; x_wconf 74' lang='grc' dir='ltr'>ι</span> <span class='ocrx_word' id='word_1_87' title='bbox 1162 1207 1176 1232; x_wconf 71' lang='lat' dir='ltr'><strong>s</strong></span> <span class='ocrx_word' id='word_1_88' title='bbox 1340 1209 1355 1236; x_wconf 80' lang='grc' dir='ltr'>ι</span> 
     </span>
    </p>

    <p class='ocr_par' dir='ltr' id='par_1_6' title="bbox 322 1268 1532 3312">
     <span class='ocr_line' id='line_1_12' title="bbox 357 1268 1477 1336; baseline -0.002 -16"><span class='ocrx_word' id='word_1_89' title='bbox 357 1271 431 1320; x_wconf 84' lang='lat' dir='ltr'><strong>Anno</strong></span> <span class='ocrx_word' id='word_1_90' title='bbox 442 1273 537 1333; x_wconf 88' lang='lat' dir='ltr'><strong>eodem,</strong></span> <span class='ocrx_word' id='word_1_91' title='bbox 549 1273 589 1322; x_wconf 90' lang='lat' dir='ltr'><strong>die</strong></span> <span class='ocrx_word' id='word_1_92' title='bbox 606 1273 723 1322; x_wconf 87' lang='lat' dir='ltr'><strong>Mercurii</strong></span> <span class='ocrx_word' id='word_1_93' title='bbox 740 1274 851 1336; x_wconf 86' lang='lat' dir='ltr'><strong>proxima</strong></span> <span class='ocrx_word' id='word_1_94' title='bbox 868 1277 927 1322; x_wconf 77' lang='lat' dir='ltr'><strong>auia</strong></span> <span class='ocrx_word' id='word_1_95' title='bbox 944 1273 1048 1322; x_wconf 80' lang='lat' dir='ltr'><strong>Festum</strong></span> <span class='ocrx_word' id='word_1_96' title='bbox 1066 1273 1153 1323; x_wconf 83' lang='lat' dir='ltr'><strong>Sancti</strong></span> <span class='ocrx_word' id='word_1_97' title='bbox 1172 1272 1302 1322; x_wconf 82' lang='lat' dir='ltr'><strong>Benedicti</strong></span> <span class='ocrx_word' id='word_1_98' title='bbox 1321 1271 1362 1332; x_wconf 81' lang='lat'><strong>[19</strong></span> <span class='ocrx_word' id='word_1_99' title='bbox 1382 1268 1477 1328; x_wconf 83' lang='lat' dir='ltr'><strong>March,</strong></span> 
     </span>
     <span class='ocr_line' id='line_1_13' title="bbox 325 1330 1477 1402; baseline -0.002 -18"><span class='ocrx_word' id='word_1_100' title='bbox 325 1337 434 1398; x_wconf 75' lang='lat'><strong>1258-91,</strong></span> <span class='ocrx_word' id='word_1_101' title='bbox 446 1337 493 1386; x_wconf 89' lang='lat' dir='ltr'><strong>hoe</strong></span> <span class='ocrx_word' id='word_1_102' title='bbox 505 1343 543 1386; x_wconf 89' lang='lat' dir='ltr'><strong>est</strong></span> <span class='ocrx_word' id='word_1_103' title='bbox 554 1338 607 1400; x_wconf 82' lang='lat' dir='ltr'><strong>xiiij</strong></span> <span class='ocrx_word' id='word_1_104' title='bbox 620 1339 746 1386; x_wconf 78' lang='lat' dir='ltr'><strong>Kalendas</strong></span> <span class='ocrx_word' id='word_1_105' title='bbox 758 1338 857 1401; x_wconf 81' lang='lat' dir='ltr'><strong>Aprilis,</strong></span> <span class='ocrx_word' id='word_1_106' title='bbox 869 1339 895 1387; x_wconf 93' lang='lat' dir='ltr'><strong>in</strong></span> <span class='ocrx_word' id='word_1_107' title='bbox 908 1338 1025 1402; x_wconf 74' lang='lat' dir='ltr'><strong>capitulo</strong></span> <span class='ocrx_word' id='word_1_108' title='bbox 1036 1339 1068 1387; x_wconf 90' lang='lat' dir='ltr'><strong>de</strong></span> <span class='ocrx_word' id='word_1_109' title='bbox 1079 1339 1213 1387; x_wconf 83' lang='lat' dir='ltr'><strong>Buffestria</strong></span> <span class='ocrx_word' id='word_1_110' title='bbox 1224 1337 1355 1398; x_wconf 83' lang='lat' dir='ltr'><strong>[Buclriast</strong></span> <span class='ocrx_word' id='word_1_111' title='bbox 1367 1330 1477 1397; x_wconf 77' lang='lat' dir='ltr'><strong>libbey],</strong></span> 
     </span>
     <span class='ocr_line' id='line_1_14' title="bbox 325 1399 1476 1466; baseline -0.003 -16"><span class='ocrx_word' id='word_1_112' title='bbox 325 1417 408 1450; x_wconf 82' lang='lat' dir='ltr'><strong>coram</strong></span> <span class='ocrx_word' id='word_1_113' title='bbox 423 1402 532 1450; x_wconf 93' lang='lat' dir='ltr'><strong>Domino</strong></span> <span class='ocrx_word' id='word_1_114' title='bbox 544 1403 666 1466; x_wconf 89' lang='lat' dir='ltr'><strong>Episcopo</strong></span> <span class='ocrx_word' id='word_1_115' title='bbox 686 1403 826 1466; x_wconf 73' lang='lat' dir='ltr'><strong>comparuit</strong></span> <span class='ocrx_word' id='word_1_116' title='bbox 838 1404 962 1452; x_wconf 80' lang='lat' dir='ltr'><strong>Dominus</strong></span> <span class='ocrx_word' id='word_1_117' title='bbox 980 1402 1109 1452; x_wconf 81' lang='lat' dir='ltr'><strong>Walterus</strong></span> <span class='ocrx_word' id='word_1_118' title='bbox 1128 1404 1161 1452; x_wconf 91' lang='lat' dir='ltr'><strong>de</strong></span> <span class='ocrx_word' id='word_1_119' title='bbox 1176 1402 1333 1460; x_wconf 86' lang='lat' dir='ltr'><strong>Lodeswelle,</strong></span> <span class='ocrx_word' id='word_1_120' title='bbox 1345 1399 1476 1464; x_wconf 74' lang='lat' dir='ltr'><strong>presbiter,</strong></span> 
     </span>
     <span class='ocr_line' id='line_1_15' title="bbox 325 1463 1477 1530; baseline -0.003 -15"><span class='ocrx_word' id='word_1_121' title='bbox 325 1466 492 1515; x_wconf 83' lang='lat' dir='ltr'><strong>Cancellarius</strong></span> <span class='ocrx_word' id='word_1_122' title='bbox 509 1472 536 1516; x_wconf 88' lang='lat' dir='ltr'><strong>et</strong></span> <span class='ocrx_word' id='word_1_123' title='bbox 547 1469 703 1517; x_wconf 80' lang='lat' dir='ltr'><strong>Camerarius</strong></span> <span class='ocrx_word' id='word_1_124' title='bbox 719 1469 783 1516; x_wconf 92' lang='lat' dir='ltr'><strong>bone</strong></span> <span class='ocrx_word' id='word_1_125' title='bbox 800 1468 919 1516; x_wconf 86' lang='lat' dir='ltr'><strong>memorie</strong></span> <span class='ocrx_word' id='word_1_126' title='bbox 936 1468 1036 1516; x_wconf 84' lang='lat' dir='ltr'><strong>Ricardi</strong></span> <span class='ocrx_word' id='word_1_127' title='bbox 1053 1468 1200 1517; x_wconf 82' lang='lat' dir='ltr'><strong>Exouieusis</strong></span> <span class='ocrx_word' id='word_1_128' title='bbox 1218 1467 1341 1530; x_wconf 87' lang='lat' dir='ltr'><strong>Episcopi,</strong></span> <span class='ocrx_word' id='word_1_129' title='bbox 1353 1463 1477 1518; x_wconf 79' lang='lat' dir='ltr'><strong>defuncti,</strong></span> 
     </span>
     <span class='ocr_line' id='line_1_16' title="bbox 323 1529 1476 1594; baseline -0.003 -15"><span class='ocrx_word' id='word_1_130' title='bbox 323 1535 436 1594; x_wconf 89' lang='lat' dir='ltr'><strong>tempore</strong></span> <span class='ocrx_word' id='word_1_131' title='bbox 448 1533 536 1581; x_wconf 87' lang='lat' dir='ltr'><strong>mortis</strong></span> <span class='ocrx_word' id='word_1_132' title='bbox 547 1548 599 1592; x_wconf 88' lang='lat' dir='ltr'><strong>sue,</strong></span> <span class='ocrx_word' id='word_1_133' title='bbox 610 1537 637 1582; x_wconf 92' lang='lat' dir='ltr'><strong>et</strong></span> <span class='ocrx_word' id='word_1_134' title='bbox 648 1533 768 1594; x_wconf 80' lang='lat' dir='ltr'><strong>Magister</strong></span> <span class='ocrx_word' id='word_1_135' title='bbox 777 1533 897 1582; x_wconf 84' lang='lat' dir='ltr'><strong>Ricardus</strong></span> <span class='ocrx_word' id='word_1_136' title='bbox 908 1533 939 1581; x_wconf 89' lang='lat' dir='ltr'><strong>de</strong></span> <span class='ocrx_word' id='word_1_137' title='bbox 950 1533 1076 1594; x_wconf 85' lang='lat' dir='ltr'><strong>Tottonia,</strong></span> <span class='ocrx_word' id='word_1_138' title='bbox 1085 1533 1189 1582; x_wconf 86' lang='lat' dir='ltr'><strong>clericus</strong></span> <span class='ocrx_word' id='word_1_139' title='bbox 1197 1538 1223 1581; x_wconf 85' lang='lat' dir='ltr'><strong>et</strong></span> <span class='ocrx_word' id='word_1_140' title='bbox 1230 1531 1342 1580; x_wconf 84' lang='lat' dir='ltr'><strong>notarius</strong></span> <span class='ocrx_word' id='word_1_141' title='bbox 1354 1529 1476 1592; x_wconf 84' lang='lat' dir='ltr'><strong>ejusdem,</strong></span> 
     </span>
     <span class='ocr_line' id='line_1_17' title="bbox 324 1593 1476 1661; baseline -0.003 -17"><span class='ocrx_word' id='word_1_142' title='bbox 324 1597 464 1658; x_wconf 74' lang='lat' dir='ltr'><strong>penitencia</strong></span> <span class='ocrx_word' id='word_1_143' title='bbox 480 1597 551 1646; x_wconf 88' lang='lat' dir='ltr'><strong>ducti</strong></span> <span class='ocrx_word' id='word_1_144' title='bbox 567 1598 599 1646; x_wconf 87' lang='lat' dir='ltr'><strong>ad</strong></span> <span class='ocrx_word' id='word_1_145' title='bbox 618 1613 660 1645; x_wconf 89' lang='lat' dir='ltr'><strong>cor</strong></span> <span class='ocrx_word' id='word_1_146' title='bbox 673 1598 814 1658; x_wconf 61' lang='lat' dir='ltr'><strong>Menates,</strong></span> <span class='ocrx_word' id='word_1_147' title='bbox 828 1603 917 1660; x_wconf 86' lang='lat' dir='ltr'><strong>sponte</strong></span> <span class='ocrx_word' id='word_1_148' title='bbox 935 1597 1021 1661; x_wconf 77' lang='lat' dir='ltr'><strong>jurati,</strong></span> <span class='ocrx_word' id='word_1_149' title='bbox 1041 1598 1068 1646; x_wconf 91' lang='lat' dir='ltr'><strong>in</strong></span> <span class='ocrx_word' id='word_1_150' title='bbox 1087 1598 1214 1660; x_wconf 86' lang='lat' dir='ltr'><strong>presencia</strong></span> <span class='ocrx_word' id='word_1_151' title='bbox 1232 1595 1333 1644; x_wconf 92' lang='lat' dir='ltr'><strong>Domini</strong></span> <span class='ocrx_word' id='word_1_152' title='bbox 1352 1593 1476 1657; x_wconf 88' lang='lat' dir='ltr'><strong>Episcopi,</strong></span> 
     </span>
     <span class='ocr_line' id='line_1_18' title="bbox 325 1660 1477 1724; baseline -0.003 -15"><span class='ocrx_word' id='word_1_153' title='bbox 325 1661 436 1724; x_wconf 91' lang='lat' dir='ltr'><strong>Dompni</strong></span> <span class='ocrx_word' id='word_1_154' title='bbox 463 1662 570 1710; x_wconf 86' lang='lat' dir='ltr'><strong>Abbatis</strong></span> <span class='ocrx_word' id='word_1_155' title='bbox 598 1663 738 1722; x_wconf 83' lang='lat' dir='ltr'><strong>Butiestrie,</strong></span> <span class='ocrx_word' id='word_1_156' title='bbox 760 1662 879 1710; x_wconf 88' lang='lat' dir='ltr'><strong>Willelmi</strong></span> <span class='ocrx_word' id='word_1_157' title='bbox 901 1663 933 1710; x_wconf 89' lang='lat' dir='ltr'><strong>dc</strong></span> <span class='ocrx_word' id='word_1_158' title='bbox 961 1663 1119 1722; x_wconf 83' lang='lat' dir='ltr'><strong>Pontestolre,</strong></span> <span class='ocrx_word' id='word_1_159' title='bbox 1149 1661 1270 1721; x_wconf 84' lang='lat' dir='ltr'><strong>monachi,</strong></span> <span class='ocrx_word' id='word_1_160' title='bbox 1299 1660 1477 1723; x_wconf 80' lang='lat' dir='ltr'><strong>Magistrorum</strong></span> 
     </span>
     <span class='ocr_line' id='line_1_19' title="bbox 324 1725 1477 1788; baseline -0.003 -15"><span class='ocrx_word' id='word_1_161' title='bbox 324 1726 447 1774; x_wconf 83' lang='lat' dir='ltr'><strong>Johennis</strong></span> <span class='ocrx_word' id='word_1_162' title='bbox 463 1727 567 1787; x_wconf 87' lang='lat' dir='ltr'><strong>Nobilis,</strong></span> <span class='ocrx_word' id='word_1_163' title='bbox 579 1726 748 1776; x_wconf 82' lang='lat' dir='ltr'><strong>Bartholomei</strong></span> <span class='ocrx_word' id='word_1_164' title='bbox 764 1727 796 1774; x_wconf 91' lang='lat' dir='ltr'><strong>de</strong></span> <span class='ocrx_word' id='word_1_165' title='bbox 813 1727 938 1788; x_wconf 79' lang='lat' dir='ltr'><strong>lardario,</strong></span> <span class='ocrx_word' id='word_1_166' title='bbox 955 1732 981 1776; x_wconf 91' lang='lat' dir='ltr'><strong>et</strong></span> <span class='ocrx_word' id='word_1_167' title='bbox 998 1727 1104 1776; x_wconf 89' lang='lat' dir='ltr'><strong>aliorum</strong></span> <span class='ocrx_word' id='word_1_168' title='bbox 1120 1727 1305 1775; x_wconf 85' lang='lat' dir='ltr'><strong>confitebantur</strong></span> <span class='ocrx_word' id='word_1_169' title='bbox 1324 1725 1392 1787; x_wconf 89' lang='lat' dir='ltr'><strong>quod</strong></span> <span class='ocrx_word' id='word_1_170' title='bbox 1410 1739 1477 1771; x_wconf 86' lang='lat' dir='ltr'><strong>anno</strong></span> 
     </span>
     <span class='ocr_line' id='line_1_20' title="bbox 325 1790 1479 1854; baseline -0.002 -16"><span class='ocrx_word' id='word_1_171' title='bbox 325 1790 426 1839; x_wconf 91' lang='lat' dir='ltr'><strong>Domini</strong></span> <span class='ocrx_word' id='word_1_172' title='bbox 438 1790 476 1839; x_wconf 77' lang='grc' dir='ltr'><strong>Μο</strong></span> <span class='ocrx_word' id='word_1_173' title='bbox 488 1790 542 1840; x_wconf 68' lang='lat'><strong>00⁰</strong></span> <span class='ocrx_word' id='word_1_174' title='bbox 558 1790 590 1840; x_wconf 87' lang='lat' dir='ltr'><strong>L⁰</strong></span> <span class='ocrx_word' id='word_1_175' title='bbox 606 1793 720 1854; x_wconf 89' lang='lat' dir='ltr'><strong>septimo,</strong></span> <span class='ocrx_word' id='word_1_176' title='bbox 737 1791 826 1850; x_wconf 85' lang='lat' dir='ltr'><strong>vocati,</strong></span> <span class='ocrx_word' id='word_1_177' title='bbox 851 1792 1010 1840; x_wconf 83' lang='lat' dir='ltr'><strong>intraverunt</strong></span> <span class='ocrx_word' id='word_1_178' title='bbox 1026 1807 1148 1840; x_wconf 76' lang='lat' dir='ltr'><strong>mmeram</strong></span> <span class='ocrx_word' id='word_1_179' title='bbox 1173 1790 1289 1854; x_wconf 75' lang='lat' dir='ltr'><strong>Episcopi</strong></span> <span class='ocrx_word' id='word_1_180' title='bbox 1305 1791 1336 1838; x_wconf 90' lang='lat' dir='ltr'><strong>do</strong></span> <span class='ocrx_word' id='word_1_181' title='bbox 1353 1793 1433 1848; x_wconf 88' lang='lat' dir='ltr'><strong>nocte,</strong></span> <span class='ocrx_word' id='word_1_182' title='bbox 1451 1792 1479 1836; x_wconf 90' lang='lat' dir='ltr'><strong>et</strong></span> 
     </span>
     <span class='ocr_line' id='line_1_21' title="bbox 323 1853 1476 1919; baseline -0.002 -17"><span class='ocrx_word' id='word_1_183' title='bbox 323 1855 474 1904; x_wconf 87' lang='lat' dir='ltr'><strong>invenerunt</strong></span> <span class='ocrx_word' id='word_1_184' title='bbox 485 1857 607 1918; x_wconf 88' lang='lat' dir='ltr'><strong>quosdam</strong></span> <span class='ocrx_word' id='word_1_185' title='bbox 618 1857 650 1905; x_wconf 89' lang='lat' dir='ltr'><strong>de</strong></span> <span class='ocrx_word' id='word_1_186' title='bbox 666 1857 761 1905; x_wconf 82' lang='lat' dir='ltr'><strong>familia</strong></span> <span class='ocrx_word' id='word_1_187' title='bbox 777 1861 944 1919; x_wconf 77' lang='lat' dir='ltr'><strong>congregatos,</strong></span> <span class='ocrx_word' id='word_1_188' title='bbox 962 1857 1062 1906; x_wconf 79' lang='lat' dir='ltr'><strong>clericos</strong></span> <span class='ocrx_word' id='word_1_189' title='bbox 1079 1861 1105 1904; x_wconf 89' lang='lat' dir='ltr'><strong>et</strong></span> <span class='ocrx_word' id='word_1_190' title='bbox 1121 1857 1203 1916; x_wconf 87' lang='lat' dir='ltr'><strong>laicos,</strong></span> <span class='ocrx_word' id='word_1_191' title='bbox 1223 1856 1267 1918; x_wconf 90' lang='lat' dir='ltr'><strong>qui</strong></span> <span class='ocrx_word' id='word_1_192' title='bbox 1287 1855 1321 1903; x_wconf 88' lang='lat' dir='ltr'><strong>eis</strong></span> <span class='ocrx_word' id='word_1_193' title='bbox 1341 1853 1476 1902; x_wconf 88' lang='lat' dir='ltr'><strong>denuncia-</strong></span> 
     </span>
     <span class='ocr_line' id='line_1_22' title="bbox 325 1917 1477 1984; baseline -0.002 -18"><span class='ocrx_word' id='word_1_194' title='bbox 325 1925 417 1968; x_wconf 85' lang='lat' dir='ltr'><strong>verunt</strong></span> <span class='ocrx_word' id='word_1_195' title='bbox 439 1921 591 1983; x_wconf 85' lang='lat' dir='ltr'><strong>Episcopum</strong></span> <span class='ocrx_word' id='word_1_196' title='bbox 613 1937 666 1969; x_wconf 87' lang='lat' dir='ltr'><strong>esso</strong></span> <span class='ocrx_word' id='word_1_197' title='bbox 685 1922 711 1970; x_wconf 92' lang='lat' dir='ltr'><strong>iu</strong></span> <span class='ocrx_word' id='word_1_198' title='bbox 731 1921 806 1970; x_wconf 90' lang='lat' dir='ltr'><strong>debili</strong></span> <span class='ocrx_word' id='word_1_199' title='bbox 828 1926 905 1979; x_wconf 86' lang='lat' dir='ltr'><strong>statu,</strong></span> <span class='ocrx_word' id='word_1_200' title='bbox 928 1927 955 1970; x_wconf 89' lang='lat' dir='ltr'><strong>et</strong></span> <span class='ocrx_word' id='word_1_201' title='bbox 968 1922 1036 1984; x_wconf 90' lang='lat' dir='ltr'><strong>quod</strong></span> <span class='ocrx_word' id='word_1_202' title='bbox 1052 1927 1190 1970; x_wconf 69' lang='lat' dir='ltr'><strong>tractarent</strong></span> <span class='ocrx_word' id='word_1_203' title='bbox 1212 1922 1244 1968; x_wconf 89' lang='lat' dir='ltr'><strong>de</strong></span> <span class='ocrx_word' id='word_1_204' title='bbox 1267 1919 1337 1968; x_wconf 89' lang='lat' dir='ltr'><strong>bonis</strong></span> <span class='ocrx_word' id='word_1_205' title='bbox 1360 1917 1477 1980; x_wconf 73' lang='lat' dir='ltr'><strong>Episcopi</strong></span> 
     </span>
     <span class='ocr_line' id='line_1_23' title="bbox 324 1983 1476 2048; baseline -0.002 -16"><span class='ocrx_word' id='word_1_206' title='bbox 324 1985 492 2046; x_wconf 88' lang='lat' dir='ltr'><strong>disponendis,</strong></span> <span class='ocrx_word' id='word_1_207' title='bbox 504 1987 632 2034; x_wconf 88' lang='lat' dir='ltr'><strong>Beneficiis</strong></span> <span class='ocrx_word' id='word_1_208' title='bbox 643 1986 806 2047; x_wconf 80' lang='lat' dir='ltr'><strong>conferendis,</strong></span> <span class='ocrx_word' id='word_1_209' title='bbox 819 1991 852 2047; x_wconf 88' lang='lat' dir='ltr'><strong>et,</strong></span> <span class='ocrx_word' id='word_1_210' title='bbox 864 2003 939 2048; x_wconf 89' lang='lat' dir='ltr'><strong>super</strong></span> <span class='ocrx_word' id='word_1_211' title='bbox 950 1987 1004 2046; x_wconf 85' lang='lat' dir='ltr'><strong>hiis,</strong></span> <span class='ocrx_word' id='word_1_212' title='bbox 1022 1986 1111 2035; x_wconf 86' lang='lat' dir='ltr'><strong>Liberis</strong></span> <span class='ocrx_word' id='word_1_213' title='bbox 1123 1985 1281 2034; x_wconf 88' lang='lat' dir='ltr'><strong>conficiendis</strong></span> <span class='ocrx_word' id='word_1_214' title='bbox 1293 1989 1319 2033; x_wconf 90' lang='lat' dir='ltr'><strong>et</strong></span> <span class='ocrx_word' id='word_1_215' title='bbox 1329 1983 1476 2042; x_wconf 68' lang='lat' dir='ltr'><strong>consignen-</strong></span> 
     </span>
     <span class='ocr_line' id='line_1_24' title="bbox 324 2049 1477 2114; baseline -0.001 -18"><span class='ocrx_word' id='word_1_216' title='bbox 324 2049 363 2097; x_wconf 91' lang='lat' dir='ltr'><strong>dis</strong></span> <span class='ocrx_word' id='word_1_217' title='bbox 374 2065 380 2108; x_wconf 87' lang='lat'>;</span> <span class='ocrx_word' id='word_1_218' title='bbox 397 2055 430 2108; x_wconf 89' lang='lat' dir='ltr'><strong>et,</strong></span> <span class='ocrx_word' id='word_1_219' title='bbox 442 2051 502 2098; x_wconf 85' lang='lat' dir='ltr'><strong>data</strong></span> <span class='ocrx_word' id='word_1_220' title='bbox 513 2051 562 2098; x_wconf 90' lang='lat' dir='ltr'><strong>ilde</strong></span> <span class='ocrx_word' id='word_1_221' title='bbox 573 2067 587 2099; x_wconf 88' lang='lat' dir='ltr'><strong>a</strong></span> <span class='ocrx_word' id='word_1_222' title='bbox 598 2051 703 2114; x_wconf 86' lang='lat' dir='ltr'><strong>singulis</strong></span> <span class='ocrx_word' id='word_1_223' title='bbox 714 2052 745 2099; x_wconf 86' lang='lat' dir='ltr'><strong>dc</strong></span> <span class='ocrx_word' id='word_1_224' title='bbox 756 2051 799 2099; x_wconf 94' lang='lat' dir='ltr'><strong>illo</strong></span> <span class='ocrx_word' id='word_1_225' title='bbox 810 2051 876 2098; x_wconf 89' lang='lat' dir='ltr'><strong>facto</strong></span> <span class='ocrx_word' id='word_1_226' title='bbox 894 2066 1024 2113; x_wconf 88' lang='lat' dir='ltr'><strong>nunquam</strong></span> <span class='ocrx_word' id='word_1_227' title='bbox 1041 2051 1180 2110; x_wconf 89' lang='lat' dir='ltr'><strong>revelando,</strong></span> <span class='ocrx_word' id='word_1_228' title='bbox 1192 2054 1371 2098; x_wconf 83' lang='lat' dir='ltr'><strong>consenserunt</strong></span> <span class='ocrx_word' id='word_1_229' title='bbox 1381 2063 1477 2107; x_wconf 90' lang='lat' dir='ltr'><strong>omues,</strong></span> 
     </span>
     <span class='ocr_line' id='line_1_25' title="bbox 324 2113 1477 2178; baseline -0.002 -16"><span class='ocrx_word' id='word_1_230' title='bbox 324 2114 447 2163; x_wconf 84' lang='lat' dir='ltr'><strong>Beneficia</strong></span> <span class='ocrx_word' id='word_1_231' title='bbox 462 2114 628 2178; x_wconf 81' lang='lat' dir='ltr'><strong>assignarunt,</strong></span> <span class='ocrx_word' id='word_1_232' title='bbox 646 2116 742 2164; x_wconf 84' lang='lat' dir='ltr'><strong>Literas</strong></span> <span class='ocrx_word' id='word_1_233' title='bbox 762 2116 914 2178; x_wconf 83' lang='lat' dir='ltr'><strong>scripserunt</strong></span> <span class='ocrx_word' id='word_1_234' title='bbox 931 2122 958 2164; x_wconf 89' lang='lat' dir='ltr'><strong>et</strong></span> <span class='ocrx_word' id='word_1_235' title='bbox 973 2115 1157 2177; x_wconf 74' lang='lat' dir='ltr'><strong>consignarunt</strong></span> <span class='ocrx_word' id='word_1_236' title='bbox 1192 2115 1282 2178; x_wconf 80' lang='lat' dir='ltr'><strong>Rogati</strong></span> <span class='ocrx_word' id='word_1_237' title='bbox 1299 2115 1321 2163; x_wconf 90' lang='lat' dir='ltr'><strong>si</strong></span> <span class='ocrx_word' id='word_1_238' title='bbox 1339 2113 1477 2176; x_wconf 74' lang='lat' dir='ltr'><strong>Episcopus</strong></span> 
     </span>
     <span class='ocr_line' id='line_1_26' title="bbox 323 2181 1477 2242; baseline -0.001 -16"><span class='ocrx_word' id='word_1_239' title='bbox 323 2183 385 2226; x_wconf 90' lang='lat' dir='ltr'><strong>tunc</strong></span> <span class='ocrx_word' id='word_1_240' title='bbox 401 2184 517 2228; x_wconf 86' lang='lat' dir='ltr'><strong>mortuus</strong></span> <span class='ocrx_word' id='word_1_241' title='bbox 534 2185 599 2229; x_wconf 86' lang='lat' dir='ltr'><strong>esset</strong></span> <span class='ocrx_word' id='word_1_242' title='bbox 615 2181 655 2229; x_wconf 82' lang='lat' dir='ltr'><strong>vel</strong></span> <span class='ocrx_word' id='word_1_243' title='bbox 672 2181 744 2229; x_wconf 82' lang='lat' dir='ltr'><strong>vivus</strong></span> <span class='ocrx_word' id='word_1_244' title='bbox 760 2181 787 2229; x_wconf 91' lang='lat' dir='ltr'><strong>in</strong></span> <span class='ocrx_word' id='word_1_245' title='bbox 803 2181 874 2240; x_wconf 78' lang='lat' dir='ltr'><strong>lecto,</strong></span> <span class='ocrx_word' id='word_1_246' title='bbox 892 2181 982 2228; x_wconf 87' lang='lat' dir='ltr'><strong>dicunt</strong></span> <span class='ocrx_word' id='word_1_247' title='bbox 1003 2181 1072 2242; x_wconf 90' lang='lat' dir='ltr'><strong>quod</strong></span> <span class='ocrx_word' id='word_1_248' title='bbox 1094 2181 1243 2238; x_wconf 76' lang='lat' dir='ltr'><strong>nescierunt,</strong></span> <span class='ocrx_word' id='word_1_249' title='bbox 1266 2185 1305 2228; x_wconf 91' lang='lat' dir='ltr'><strong>set</strong></span> <span class='ocrx_word' id='word_1_250' title='bbox 1322 2184 1407 2242; x_wconf 84' lang='lat' dir='ltr'><strong>postea</strong></span> <span class='ocrx_word' id='word_1_251' title='bbox 1429 2193 1477 2225; x_wconf 92' lang='lat' dir='ltr'><strong>nec</strong></span> 
     </span>
     <span class='ocr_line' id='line_1_27' title="bbox 324 2243 1477 2308; baseline -0.001 -17"><span class='ocrx_word' id='word_1_252' title='bbox 324 2243 411 2292; x_wconf 86' lang='lat' dir='ltr'><strong>vivum</strong></span> <span class='ocrx_word' id='word_1_253' title='bbox 431 2259 476 2292; x_wconf 91' lang='lat' dir='ltr'><strong>nec</strong></span> <span class='ocrx_word' id='word_1_254' title='bbox 492 2244 637 2308; x_wconf 87' lang='lat' dir='ltr'><strong>loquentem</strong></span> <span class='ocrx_word' id='word_1_255' title='bbox 653 2245 772 2294; x_wconf 86' lang='lat' dir='ltr'><strong>viderunt</strong></span> <span class='ocrx_word' id='word_1_256' title='bbox 791 2261 855 2294; x_wconf 91' lang='lat' dir='ltr'><strong>eum.</strong></span> <span class='ocrx_word' id='word_1_257' title='bbox 886 2245 976 2308; x_wconf 79' lang='lat' dir='ltr'><strong>Rogati</strong></span> <span class='ocrx_word' id='word_1_258' title='bbox 987 2245 1032 2308; x_wconf 93' lang='lat' dir='ltr'><strong>qui</strong></span> <span class='ocrx_word' id='word_1_259' title='bbox 1046 2245 1153 2293; x_wconf 83' lang='lat' dir='ltr'><strong>fuerunt</strong></span> <span class='ocrx_word' id='word_1_260' title='bbox 1163 2250 1297 2308; x_wconf 83' lang='lat' dir='ltr'><strong>presentes,</strong></span> <span class='ocrx_word' id='word_1_261' title='bbox 1307 2243 1396 2292; x_wconf 90' lang='lat' dir='ltr'><strong>dicunt</strong></span> <span class='ocrx_word' id='word_1_262' title='bbox 1406 2243 1477 2304; x_wconf 92' lang='lat' dir='ltr'><strong>quod</strong></span> 
     </span>
     <span class='ocr_line' id='line_1_28' title="bbox 324 2308 1477 2370; baseline -0.002 -14"><span class='ocrx_word' id='word_1_263' title='bbox 324 2308 438 2370; x_wconf 78' lang='lat' dir='ltr'><strong>Magistri</strong></span> <span class='ocrx_word' id='word_1_264' title='bbox 449 2309 576 2358; x_wconf 65' lang='lat' dir='ltr'><strong>‚Iohannes</strong></span> <span class='ocrx_word' id='word_1_265' title='bbox 592 2309 659 2358; x_wconf 88' lang='lat' dir='ltr'><strong>filius</strong></span> <span class='ocrx_word' id='word_1_266' title='bbox 677 2311 786 2370; x_wconf 82' lang='lat' dir='ltr'><strong>ltoberti,</strong></span> <span class='ocrx_word' id='word_1_267' title='bbox 803 2315 867 2358; x_wconf 87' lang='lat' dir='ltr'><strong>tunc</strong></span> <span class='ocrx_word' id='word_1_268' title='bbox 882 2310 1007 2370; x_wconf 86' lang='lat' dir='ltr'><strong>Officialie,</strong></span> <span class='ocrx_word' id='word_1_269' title='bbox 1019 2311 1152 2358; x_wconf 83' lang='lat' dir='ltr'><strong>Gervasius</strong></span> <span class='ocrx_word' id='word_1_270' title='bbox 1164 2311 1196 2357; x_wconf 91' lang='lat' dir='ltr'><strong>de</strong></span> <span class='ocrx_word' id='word_1_271' title='bbox 1214 2309 1350 2368; x_wconf 85' lang='lat' dir='ltr'><strong>Criditoue,</strong></span> <span class='ocrx_word' id='word_1_272' title='bbox 1367 2309 1477 2356; x_wconf 83' lang='lat' dir='ltr'><strong>Thomas</strong></span> 
     </span>
     <span class='ocr_line' id='line_1_29' title="bbox 323 2372 1477 2437; baseline -0.003 -15"><span class='ocrx_word' id='word_1_273' title='bbox 323 2373 355 2422; x_wconf 89' lang='lat' dir='ltr'><strong>de</strong></span> <span class='ocrx_word' id='word_1_274' title='bbox 365 2372 496 2434; x_wconf 89' lang='lat' dir='ltr'><strong>Mollonde,</strong></span> <span class='ocrx_word' id='word_1_275' title='bbox 509 2379 535 2422; x_wconf 92' lang='lat' dir='ltr'><strong>et</strong></span> <span class='ocrx_word' id='word_1_276' title='bbox 545 2375 593 2436; x_wconf 88' lang='lat' dir='ltr'><strong>ipsi</strong></span> <span class='ocrx_word' id='word_1_277' title='bbox 604 2375 654 2422; x_wconf 91' lang='lat' dir='ltr'><strong>duo</strong></span> <span class='ocrx_word' id='word_1_278' title='bbox 666 2375 778 2437; x_wconf 88' lang='lat' dir='ltr'><strong>predicti,</strong></span> <span class='ocrx_word' id='word_1_279' title='bbox 791 2375 915 2424; x_wconf 85' lang='lat' dir='ltr'><strong>Henn&#39;cus</strong></span> <span class='ocrx_word' id='word_1_280' title='bbox 927 2375 1082 2437; x_wconf 82' lang='lat' dir='ltr'><strong>Capelianus,</strong></span> <span class='ocrx_word' id='word_1_281' title='bbox 1099 2375 1223 2423; x_wconf 88' lang='lat' dir='ltr'><strong>Henricus</strong></span> <span class='ocrx_word' id='word_1_282' title='bbox 1239 2375 1271 2422; x_wconf 91' lang='lat' dir='ltr'><strong>de</strong></span> <span class='ocrx_word' id='word_1_283' title='bbox 1283 2373 1477 2430; x_wconf 83' lang='lat' dir='ltr'><strong>Cristinestowe‚</strong></span> 
     </span>
     <span class='ocr_line' id='line_1_30' title="bbox 322 2437 1475 2502; baseline -0.002 -16"><span class='ocrx_word' id='word_1_284' title='bbox 322 2437 431 2487; x_wconf 78' lang='lat' dir='ltr'><strong>Thomas</strong></span> <span class='ocrx_word' id='word_1_285' title='bbox 451 2439 603 2499; x_wconf 85' lang='lat' dir='ltr'><strong>Paneterius‚</strong></span> <span class='ocrx_word' id='word_1_286' title='bbox 616 2440 767 2500; x_wconf 80' lang='lat' dir='ltr'><strong>lteginaldus</strong></span> <span class='ocrx_word' id='word_1_287' title='bbox 786 2440 853 2488; x_wconf 88' lang='lat' dir='ltr'><strong>filius</strong></span> <span class='ocrx_word' id='word_1_288' title='bbox 876 2439 982 2502; x_wconf 81' lang='lat' dir='ltr'><strong>predicti</strong></span> <span class='ocrx_word' id='word_1_289' title='bbox 1001 2440 1104 2498; x_wconf 92' lang='lat' dir='ltr'><strong>Thome,</strong></span> <span class='ocrx_word' id='word_1_290' title='bbox 1129 2439 1269 2487; x_wconf 88' lang='lat' dir='ltr'><strong>Willelmus</strong></span> <span class='ocrx_word' id='word_1_291' title='bbox 1292 2439 1323 2486; x_wconf 90' lang='lat' dir='ltr'><strong>de</strong></span> <span class='ocrx_word' id='word_1_292' title='bbox 1346 2437 1475 2495; x_wconf 81' lang='lat' dir='ltr'><strong>Fuleiord,</strong></span> 
     </span>
     <span class='ocr_line' id='line_1_31' title="bbox 323 2497 1476 2566; baseline -0.003 -14"><span class='ocrx_word' id='word_1_293' title='bbox 323 2497 423 2565; x_wconf 70' lang='lat' dir='ltr'><strong>(loynoc</strong></span> <span class='ocrx_word' id='word_1_294' title='bbox 434 2504 594 2554; x_wconf 58' lang='lat' dir='ltr'><strong>&amp;merarius</strong></span> <span class='ocrx_word' id='word_1_295' title='bbox 639 2505 735 2553; x_wconf 89' lang='lat' dir='ltr'><strong>Dicunt</strong></span> <span class='ocrx_word' id='word_1_296' title='bbox 745 2505 822 2553; x_wconf 89' lang='lat' dir='ltr'><strong>eciam</strong></span> <span class='ocrx_word' id='word_1_297' title='bbox 834 2505 902 2566; x_wconf 91' lang='lat' dir='ltr'><strong>quod</strong></span> <span class='ocrx_word' id='word_1_298' title='bbox 914 2504 1027 2566; x_wconf 76' lang='lat' dir='ltr'><strong>Magistri</strong></span> <span class='ocrx_word' id='word_1_299' title='bbox 1042 2505 1170 2553; x_wconf 80' lang='lat' dir='ltr'><strong>lohannes</strong></span> <span class='ocrx_word' id='word_1_300' title='bbox 1187 2508 1214 2552; x_wconf 89' lang='lat' dir='ltr'><strong>et</strong></span> <span class='ocrx_word' id='word_1_301' title='bbox 1232 2503 1366 2552; x_wconf 82' lang='lat' dir='ltr'><strong>Gerrasius</strong></span> <span class='ocrx_word' id='word_1_302' title='bbox 1378 2502 1476 2550; x_wconf 79' lang='lat' dir='ltr'><strong>Literna</strong></span> 
     </span>
     <span class='ocr_line' id='line_1_32' title="bbox 324 2568 1477 2632; baseline -0.002 -16"><span class='ocrx_word' id='word_1_303' title='bbox 324 2568 491 2628; x_wconf 89' lang='lat' dir='ltr'><strong>dictaverunt,</strong></span> <span class='ocrx_word' id='word_1_304' title='bbox 514 2569 622 2617; x_wconf 81' lang='lat' dir='ltr'><strong>Thomas</strong></span> <span class='ocrx_word' id='word_1_305' title='bbox 644 2570 676 2616; x_wconf 91' lang='lat' dir='ltr'><strong>dc</strong></span> <span class='ocrx_word' id='word_1_306' title='bbox 694 2569 820 2617; x_wconf 91' lang='lat' dir='ltr'><strong>Mollonde</strong></span> <span class='ocrx_word' id='word_1_307' title='bbox 841 2574 868 2616; x_wconf 93' lang='lat' dir='ltr'><strong>et</strong></span> <span class='ocrx_word' id='word_1_308' title='bbox 887 2569 1006 2632; x_wconf 83' lang='lat' dir='ltr'><strong>Magister</strong></span> <span class='ocrx_word' id='word_1_309' title='bbox 1028 2568 1149 2617; x_wconf 82' lang='lat' dir='ltr'><strong>Ricardus</strong></span> <span class='ocrx_word' id='word_1_310' title='bbox 1167 2568 1294 2631; x_wconf 87' lang='lat' dir='ltr'><strong>predictus</strong></span> <span class='ocrx_word' id='word_1_311' title='bbox 1316 2568 1477 2629; x_wconf 82' lang='lat' dir='ltr'><strong>scripserunt,</strong></span> 
     </span>
     <span class='ocr_line' id='line_1_33' title="bbox 325 2630 1476 2696; baseline -0.002 -15"><span class='ocrx_word' id='word_1_312' title='bbox 325 2630 451 2682; x_wconf 88' lang='lat' dir='ltr'><strong>Henricus</strong></span> <span class='ocrx_word' id='word_1_313' title='bbox 467 2635 615 2696; x_wconf 78' lang='lat' dir='ltr'><strong>Capelianus</strong></span> <span class='ocrx_word' id='word_1_314' title='bbox 631 2634 745 2696; x_wconf 77' lang='lat' dir='ltr'><strong>signavit.</strong></span> <span class='ocrx_word' id='word_1_315' title='bbox 788 2634 884 2682; x_wconf 90' lang='lat' dir='ltr'><strong>Dicunt</strong></span> <span class='ocrx_word' id='word_1_316' title='bbox 895 2634 972 2682; x_wconf 83' lang='lat' dir='ltr'><strong>eciam</strong></span> <span class='ocrx_word' id='word_1_317' title='bbox 984 2635 1053 2696; x_wconf 90' lang='lat' dir='ltr'><strong>quod</strong></span> <span class='ocrx_word' id='word_1_318' title='bbox 1064 2634 1145 2682; x_wconf 87' lang='lat' dir='ltr'><strong>multe</strong></span> <span class='ocrx_word' id='word_1_319' title='bbox 1157 2634 1239 2682; x_wconf 85' lang='lat' dir='ltr'><strong>Litere</strong></span> <span class='ocrx_word' id='word_1_320' title='bbox 1251 2638 1384 2696; x_wconf 87' lang='lat' dir='ltr'><strong>postquam</strong></span> <span class='ocrx_word' id='word_1_321' title='bbox 1399 2631 1476 2680; x_wconf 84' lang='lat' dir='ltr'><strong>scire·</strong></span> 
     </span>
     <span class='ocr_line' id='line_1_34' title="bbox 322 2697 1476 2762; baseline -0.002 -16"><span class='ocrx_word' id='word_1_322' title='bbox 322 2703 383 2746; x_wconf 86' lang='lat' dir='ltr'><strong>runt</strong></span> <span class='ocrx_word' id='word_1_323' title='bbox 395 2699 546 2762; x_wconf 88' lang='lat' dir='ltr'><strong>Episcopum</strong></span> <span class='ocrx_word' id='word_1_324' title='bbox 563 2703 692 2746; x_wconf 91' lang='lat' dir='ltr'><strong>mortuum</strong></span> <span class='ocrx_word' id='word_1_325' title='bbox 709 2698 800 2760; x_wconf 85' lang='lat' dir='ltr'><strong>scripte</strong></span> <span class='ocrx_word' id='word_1_326' title='bbox 812 2699 917 2748; x_wconf 80' lang='lat' dir='ltr'><strong>luerunt</strong></span> <span class='ocrx_word' id='word_1_327' title='bbox 928 2704 955 2747; x_wconf 91' lang='lat' dir='ltr'><strong>et</strong></span> <span class='ocrx_word' id='word_1_328' title='bbox 972 2699 1076 2758; x_wconf 64' lang='lat' dir='ltr'><strong>signate.</strong></span> <span class='ocrx_word' id='word_1_329' title='bbox 1113 2700 1165 2747; x_wconf 89' lang='lat' dir='ltr'><strong>Hec</strong></span> <span class='ocrx_word' id='word_1_330' title='bbox 1183 2705 1210 2747; x_wconf 89' lang='lat' dir='ltr'><strong>et</strong></span> <span class='ocrx_word' id='word_1_331' title='bbox 1229 2698 1277 2747; x_wconf 87' lang='lat' dir='ltr'><strong>alis</strong></span> <span class='ocrx_word' id='word_1_332' title='bbox 1299 2697 1428 2746; x_wconf 90' lang='lat' dir='ltr'><strong>humiliter</strong></span> <span class='ocrx_word' id='word_1_333' title='bbox 1448 2701 1476 2744; x_wconf 88' lang='lat' dir='ltr'><strong>ct</strong></span> 
     </span>
     <span class='ocr_line' id='line_1_35' title="bbox 322 2761 1475 2826; baseline -0.002 -15"><span class='ocrx_word' id='word_1_334' title='bbox 322 2763 413 2812; x_wconf 86' lang='lat' dir='ltr'><strong>devote</strong></span> <span class='ocrx_word' id='word_1_335' title='bbox 424 2763 571 2812; x_wconf 83' lang='lat' dir='ltr'><strong>confitentes</strong></span> <span class='ocrx_word' id='word_1_336' title='bbox 580 2762 728 2812; x_wconf 85' lang='lat' dir='ltr'><strong>beneficium</strong></span> <span class='ocrx_word' id='word_1_337' title='bbox 739 2763 904 2812; x_wconf 86' lang='lat' dir='ltr'><strong>absolucionis</strong></span> <span class='ocrx_word' id='word_1_338' title='bbox 915 2764 941 2812; x_wconf 94' lang='lat' dir='ltr'><strong>in</strong></span> <span class='ocrx_word' id='word_1_339' title='bbox 952 2764 1033 2812; x_wconf 82' lang='lat' dir='ltr'><strong>forma</strong></span> <span class='ocrx_word' id='word_1_340' title='bbox 1046 2765 1152 2812; x_wconf 86' lang='lat' dir='ltr'><strong>Ecclesie</strong></span> <span class='ocrx_word' id='word_1_341' title='bbox 1160 2763 1331 2826; x_wconf 79' lang='lat' dir='ltr'><strong>optinuerunt</strong></span> <span class='ocrx_word' id='word_1_342' title='bbox 1375 2761 1475 2810; x_wconf 90' lang='lat' dir='ltr'><strong>Indicta</strong></span> 
     </span>
     <span class='ocr_line' id='line_1_36' title="bbox 323 2826 1532 2892; baseline -0.002 -16"><span class='ocrx_word' id='word_1_343' title='bbox 323 2843 424 2890; x_wconf 93' lang='lat' dir='ltr'><strong>quoque</strong></span> <span class='ocrx_word' id='word_1_344' title='bbox 436 2829 584 2891; x_wconf 83' lang='lat' dir='ltr'><strong>purgacione</strong></span> <span class='ocrx_word' id='word_1_345' title='bbox 601 2827 718 2876; x_wconf 87' lang='lat' dir='ltr'><strong>canonica</strong></span> <span class='ocrx_word' id='word_1_346' title='bbox 733 2829 801 2876; x_wconf 89' lang='lat' dir='ltr'><strong>dicto</strong></span> <span class='ocrx_word' id='word_1_347' title='bbox 817 2829 935 2890; x_wconf 85' lang='lat' dir='ltr'><strong>Waltero,</strong></span> <span class='ocrx_word' id='word_1_348' title='bbox 954 2829 1021 2892; x_wconf 89' lang='lat' dir='ltr'><strong>quod</strong></span> <span class='ocrx_word' id='word_1_349' title='bbox 1038 2829 1115 2877; x_wconf 90' lang='lat' dir='ltr'><strong>nichil</strong></span> <span class='ocrx_word' id='word_1_350' title='bbox 1136 2829 1166 2876; x_wconf 87' lang='lat' dir='ltr'><strong>de</strong></span> <span class='ocrx_word' id='word_1_351' title='bbox 1185 2827 1257 2876; x_wconf 87' lang='lat' dir='ltr'><strong>bonis</strong></span> <span class='ocrx_word' id='word_1_352' title='bbox 1276 2827 1338 2876; x_wconf 89' lang='lat' dir='ltr'><strong>dicti</strong></span> <span class='ocrx_word' id='word_1_353' title='bbox 1357 2826 1477 2889; x_wconf 86' lang='lat' dir='ltr'><strong>Episcopi</strong></span> <span class='ocrx_word' id='word_1_354' title='bbox 1531 2845 1532 2853; x_wconf 51' lang='lat'>¹</span> 
     </span>
     <span class='ocr_line' id='line_1_37' title="bbox 327 2891 1477 2956; baseline -0.001 -16"><span class='ocrx_word' id='word_1_355' title='bbox 327 2898 384 2954; x_wconf 90' lang='lat' dir='ltr'><strong>post</strong></span> <span class='ocrx_word' id='word_1_356' title='bbox 395 2893 451 2955; x_wconf 86' lang='lat' dir='ltr'><strong>ejus</strong></span> <span class='ocrx_word' id='word_1_357' title='bbox 462 2893 559 2941; x_wconf 89' lang='lat' dir='ltr'><strong>obitum</strong></span> <span class='ocrx_word' id='word_1_358' title='bbox 571 2893 715 2956; x_wconf 71' lang='lat' dir='ltr'><strong>impertivit,</strong></span> <span class='ocrx_word' id='word_1_359' title='bbox 728 2893 853 2954; x_wconf 68' lang='lat' dir='ltr'><strong>distrmt</strong></span> <span class='ocrx_word' id='word_1_360' title='bbox 869 2909 914 2942; x_wconf 88' lang='lat' dir='ltr'><strong>seu</strong></span> <span class='ocrx_word' id='word_1_361' title='bbox 925 2893 1044 2942; x_wconf 80' lang='lat' dir='ltr'><strong>alienavit</strong></span> <span class='ocrx_word' id='word_1_362' title='bbox 1054 2894 1121 2942; x_wconf 91' lang='lat' dir='ltr'><strong>sicut</strong></span> <span class='ocrx_word' id='word_1_363' title='bbox 1139 2893 1207 2941; x_wconf 78' lang='lat' dir='ltr'><strong>tama</strong></span> <span class='ocrx_word' id='word_1_364' title='bbox 1218 2892 1353 2952; x_wconf 86' lang='lat' dir='ltr'><strong>laborabat,</strong></span> <span class='ocrx_word' id='word_1_365' title='bbox 1370 2896 1397 2939; x_wconf 90' lang='lat' dir='ltr'><strong>et</strong></span> <span class='ocrx_word' id='word_1_366' title='bbox 1407 2891 1477 2939; x_wconf 87' lang='lat' dir='ltr'><strong>dicto</strong></span> 
     </span>
     <span class='ocr_line' id='line_1_38' title="bbox 325 2957 1476 3021; baseline -0.003 -15"><span class='ocrx_word' id='word_1_367' title='bbox 325 2957 430 3006; x_wconf 82' lang='lat' dir='ltr'><strong>Ricardo</strong></span> <span class='ocrx_word' id='word_1_368' title='bbox 441 2957 473 3005; x_wconf 85' lang='lat' dir='ltr'><strong>ab</strong></span> <span class='ocrx_word' id='word_1_369' title='bbox 482 2958 560 3006; x_wconf 86' lang='lat' dir='ltr'><strong>officio</strong></span> <span class='ocrx_word' id='word_1_370' title='bbox 569 2963 595 3006; x_wconf 85' lang='lat' dir='ltr'><strong>et</strong></span> <span class='ocrx_word' id='word_1_371' title='bbox 604 2957 722 3006; x_wconf 85' lang='lat' dir='ltr'><strong>beneficio</strong></span> <span class='ocrx_word' id='word_1_372' title='bbox 731 2973 811 3020; x_wconf 89' lang='lat' dir='ltr'><strong>usque</strong></span> <span class='ocrx_word' id='word_1_373' title='bbox 822 2959 854 3006; x_wconf 91' lang='lat' dir='ltr'><strong>ad</strong></span> <span class='ocrx_word' id='word_1_374' title='bbox 865 2963 989 3021; x_wconf 86' lang='lat' dir='ltr'><strong>peractam</strong></span> <span class='ocrx_word' id='word_1_375' title='bbox 997 2958 1162 3021; x_wconf 79' lang='lat' dir='ltr'><strong>penitenciam</strong></span> <span class='ocrx_word' id='word_1_376' title='bbox 1172 2961 1343 3006; x_wconf 87' lang='lat' dir='ltr'><strong>remanentem</strong></span> <span class='ocrx_word' id='word_1_377' title='bbox 1354 2971 1476 3018; x_wconf 86' lang='lat' dir='ltr'><strong>suspenso</strong></span> 
     </span>
     <span class='ocr_line' id='line_1_39' title="bbox 323 3021 1476 3086; baseline -0.002 -16"><span class='ocrx_word' id='word_1_378' title='bbox 323 3037 384 3070; x_wconf 89' lang='lat' dir='ltr'><strong>—eo</strong></span> <span class='ocrx_word' id='word_1_379' title='bbox 404 3022 472 3083; x_wconf 91' lang='lat' dir='ltr'><strong>quod</strong></span> <span class='ocrx_word' id='word_1_380' title='bbox 489 3023 594 3071; x_wconf 88' lang='lat' dir='ltr'><strong>Ordines</strong></span> <span class='ocrx_word' id='word_1_381' title='bbox 611 3028 696 3086; x_wconf 88' lang='lat' dir='ltr'><strong>postea</strong></span> <span class='ocrx_word' id='word_1_382' title='bbox 714 3023 823 3086; x_wconf 89' lang='lat' dir='ltr'><strong>suscepit</strong></span> <span class='ocrx_word' id='word_1_383' title='bbox 839 3028 866 3071; x_wconf 88' lang='lat' dir='ltr'><strong>et</strong></span> <span class='ocrx_word' id='word_1_384' title='bbox 882 3023 975 3071; x_wconf 78' lang='lat' dir='ltr'><strong>falsum</strong></span> <span class='ocrx_word' id='word_1_385' title='bbox 993 3023 1167 3072; x_wconf 85' lang='lat' dir='ltr'><strong>testimonium</strong></span> <span class='ocrx_word' id='word_1_386' title='bbox 1179 3021 1313 3085; x_wconf 82' lang='lat' dir='ltr'><strong>perhibuit,</strong></span> <span class='ocrx_word' id='word_1_387' title='bbox 1331 3022 1476 3082; x_wconf 80' lang='lat' dir='ltr'><strong>famamque</strong></span> 
     </span>
     <span class='ocr_line' id='line_1_40' title="bbox 323 3083 1476 3150; baseline -0.001 -16"><span class='ocrx_word' id='word_1_388' title='bbox 323 3101 394 3134; x_wconf 82' lang='lat' dir='ltr'><strong>suam</strong></span> <span class='ocrx_word' id='word_1_389' title='bbox 417 3087 680 3149; x_wconf 80' lang='lat' dir='ltr'><strong>denigrarit‚-—dictus</strong></span> <span class='ocrx_word' id='word_1_390' title='bbox 702 3087 828 3136; x_wconf 80' lang='lat' dir='ltr'><strong>Walterus</strong></span> <span class='ocrx_word' id='word_1_391' title='bbox 845 3088 1007 3150; x_wconf 85' lang='lat' dir='ltr'><strong>postmodum</strong></span> <span class='ocrx_word' id='word_1_392' title='bbox 1025 3088 1052 3136; x_wconf 94' lang='lat' dir='ltr'><strong>in</strong></span> <span class='ocrx_word' id='word_1_393' title='bbox 1074 3089 1182 3136; x_wconf 82' lang='lat' dir='ltr'><strong>crastino</strong></span> <span class='ocrx_word' id='word_1_394' title='bbox 1197 3083 1299 3146; x_wconf 88' lang='lat' dir='ltr'><strong>Pasche,</strong></span> <span class='ocrx_word' id='word_1_395' title='bbox 1321 3086 1348 3135; x_wconf 92' lang='lat' dir='ltr'><strong>in</strong></span> <span class='ocrx_word' id='word_1_396' title='bbox 1373 3085 1476 3147; x_wconf 84' lang='lat' dir='ltr'><strong>Capella</strong></span> 
     </span>
     <span class='ocr_line' id='line_1_41' title="bbox 324 3151 1476 3216; baseline 0 -17"><span class='ocrx_word' id='word_1_397' title='bbox 324 3151 427 3199; x_wconf 91' lang='lat' dir='ltr'><strong>Domini</strong></span> <span class='ocrx_word' id='word_1_398' title='bbox 446 3151 514 3214; x_wconf 82' lang='lat' dir='ltr'><strong>apud</strong></span> <span class='ocrx_word' id='word_1_399' title='bbox 534 3152 664 3211; x_wconf 83' lang='lat' dir='ltr'><strong>Exouiam,</strong></span> <span class='ocrx_word' id='word_1_400' title='bbox 681 3152 780 3215; x_wconf 90' lang='lat' dir='ltr'><strong>puplice</strong></span> <span class='ocrx_word' id='word_1_401' title='bbox 793 3167 822 3200; x_wconf 85' lang='lat' dir='ltr'><strong>ac</strong></span> <span class='ocrx_word' id='word_1_402' title='bbox 836 3152 1008 3215; x_wconf 86' lang='lat' dir='ltr'><strong>sollempniter</strong></span> <span class='ocrx_word' id='word_1_403' title='bbox 1024 3169 1051 3201; x_wconf 89' lang='lat' dir='ltr'><strong>se</strong></span> <span class='ocrx_word' id='word_1_404' title='bbox 1068 3152 1192 3216; x_wconf 76' lang='lat' dir='ltr'><strong>purgavit,</strong></span> <span class='ocrx_word' id='word_1_405' title='bbox 1208 3157 1235 3200; x_wconf 91' lang='lat' dir='ltr'><strong>et</strong></span> <span class='ocrx_word' id='word_1_406' title='bbox 1252 3152 1336 3200; x_wconf 86' lang='lat' dir='ltr'><strong>dictus</strong></span> <span class='ocrx_word' id='word_1_407' title='bbox 1353 3151 1476 3200; x_wconf 79' lang='lat' dir='ltr'><strong>Ricardus</strong></span> 
     </span>
     <span class='ocr_line' id='line_1_42' title="bbox 323 3212 1438 3312; baseline 0.001 -48"><span class='ocrx_word' id='word_1_408' title='bbox 323 3216 489 3304; x_wconf 62' lang='lat' dir='ltr'><strong>penitenciam</strong></span> <span class='ocrx_word' id='word_1_409' title='bbox 500 3232 572 3264; x_wconf 86' lang='lat' dir='ltr'><strong>suam</strong></span> <span class='ocrx_word' id='word_1_410' title='bbox 584 3217 679 3304; x_wconf 56' lang='lat' dir='ltr'><strong>persissst</strong></span> <span class='ocrx_word' id='word_1_411' title='bbox 689 3232 696 3276; x_wconf 92' lang='lat'>;</span> <span class='ocrx_word' id='word_1_412' title='bbox 713 3221 739 3265; x_wconf 87' lang='lat' dir='ltr'><strong>ot</strong></span> <span class='ocrx_word' id='word_1_413' title='bbox 750 3217 785 3265; x_wconf 89' lang='lat' dir='ltr'><strong>sic</strong></span> <span class='ocrx_word' id='word_1_414' title='bbox 796 3221 903 3312; x_wconf 60' lang='lat' dir='ltr'><strong>uterque</strong></span> <span class='ocrx_word' id='word_1_415' title='bbox 914 3216 1062 3306; x_wconf 49' lang='lat' dir='ltr'><strong>benaicium</strong></span> <span class='ocrx_word' id='word_1_416' title='bbox 1073 3217 1239 3306; x_wconf 62' lang='lat' dir='ltr'><strong>absolupionis</strong></span> <span class='ocrx_word' id='word_1_417' title='bbox 1251 3212 1438 3306; x_wconf 61' lang='lat' dir='ltr'><strong>optinuit-5¹³.</strong></span> 
     </span>
    </p>
   </div>
   <div class='ocr_carea' id='block_1_4' title="bbox 320 3345 1477 4158">
    <p class='ocr_par' dir='ltr' id='par_1_7' title="bbox 320 3345 1477 3636">
     <span class='ocr_line' id='line_1_43' title="bbox 354 3345 1475 3411; baseline 0 -17"><span class='ocrx_word' id='word_1_418' title='bbox 354 3345 380 3409; x_wconf 80' lang='lat' dir='ltr'><strong>vj</strong></span> <span class='ocrx_word' id='word_1_419' title='bbox 393 3345 478 3394; x_wconf 83' lang='lat' dir='ltr'><strong>Nonas</strong></span> <span class='ocrx_word' id='word_1_420' title='bbox 494 3347 510 3394; x_wconf 83' lang='lat' dir='ltr'>J</span> <span class='ocrx_word' id='word_1_421' title='bbox 513 3346 557 3395; x_wconf 89' lang='lat' dir='ltr'><strong>ulii</strong></span> <span class='ocrx_word' id='word_1_422' title='bbox 569 3346 594 3406; x_wconf 81' lang='lat'><strong>(2</strong></span> <span class='ocrx_word' id='word_1_423' title='bbox 605 3345 674 3410; x_wconf 83' lang='lat' dir='ltr'><strong>July,</strong></span> <span class='ocrx_word' id='word_1_424' title='bbox 688 3347 770 3408; x_wconf 77' lang='lat'><strong>1259),</strong></span> <span class='ocrx_word' id='word_1_425' title='bbox 787 3347 855 3410; x_wconf 85' lang='lat' dir='ltr'><strong>apud</strong></span> <span class='ocrx_word' id='word_1_426' title='bbox 867 3346 1012 3411; x_wconf 80' lang='lat' dir='ltr'><strong>Horslcghc‚</strong></span> <span class='ocrx_word' id='word_1_427' title='bbox 1024 3362 1082 3396; x_wconf 88' lang='lat' dir='ltr'><strong>cum</strong></span> <span class='ocrx_word' id='word_1_428' title='bbox 1093 3352 1219 3396; x_wconf 82' lang='lat' dir='ltr'><strong>constaret</strong></span> <span class='ocrx_word' id='word_1_429' title='bbox 1230 3347 1339 3396; x_wconf 93' lang='lat' dir='ltr'><strong>Domino</strong></span> <span class='ocrx_word' id='word_1_430' title='bbox 1352 3345 1475 3408; x_wconf 88' lang='lat' dir='ltr'><strong>Episcopo</strong></span> 
     </span>
     <span class='ocr_line' id='line_1_44' title="bbox 320 3409 1477 3474; baseline 0 -14"><span class='ocrx_word' id='word_1_431' title='bbox 320 3413 388 3472; x_wconf 92' lang='lat' dir='ltr'><strong>quod</strong></span> <span class='ocrx_word' id='word_1_432' title='bbox 397 3411 544 3474; x_wconf 85' lang='lat' dir='ltr'><strong>Radulphus</strong></span> <span class='ocrx_word' id='word_1_433' title='bbox 552 3412 584 3460; x_wconf 87' lang='lat' dir='ltr'><strong>de</strong></span> <span class='ocrx_word' id='word_1_434' title='bbox 593 3411 762 3460; x_wconf 70' lang='lat' dir='ltr'><strong>&#39;Itrrbereville</strong></span> <span class='ocrx_word' id='word_1_435' title='bbox 770 3412 900 3474; x_wconf 81' lang='lat' dir='ltr'><strong>culpabilis</strong></span> <span class='ocrx_word' id='word_1_436' title='bbox 908 3428 958 3461; x_wconf 93' lang='lat' dir='ltr'><strong>non</strong></span> <span class='ocrx_word' id='word_1_437' title='bbox 967 3417 1021 3461; x_wconf 85' lang='lat' dir='ltr'><strong>crat</strong></span> <span class='ocrx_word' id='word_1_438' title='bbox 1028 3412 1060 3461; x_wconf 92' lang='lat' dir='ltr'><strong>de</strong></span> <span class='ocrx_word' id='word_1_439' title='bbox 1068 3411 1236 3462; x_wconf 83' lang='lat' dir='ltr'><strong>imudulentis</strong></span> <span class='ocrx_word' id='word_1_440' title='bbox 1245 3409 1477 3474; x_wconf 77' lang='lat' dir='ltr'><strong>consignacionibus</strong></span> 
     </span>
     <span class='ocr_line' id='line_1_45' title="bbox 321 3476 1475 3590; baseline -0.001 -65"><span class='ocrx_word' id='word_1_441' title='bbox 321 3476 394 3552; x_wconf 74' lang='lat' dir='ltr'><strong>iactis</strong></span> <span class='ocrx_word' id='word_1_442' title='bbox 405 3477 505 3525; x_wconf 91' lang='lat' dir='ltr'><strong>nomine</strong></span> <span class='ocrx_word' id='word_1_443' title='bbox 516 3477 581 3525; x_wconf 89' lang='lat' dir='ltr'><strong>bone</strong></span> <span class='ocrx_word' id='word_1_444' title='bbox 592 3477 710 3525; x_wconf 82' lang='lat' dir='ltr'><strong>memorie</strong></span> <span class='ocrx_word' id='word_1_445' title='bbox 723 3477 822 3526; x_wconf 83' lang='lat' dir='ltr'><strong>Rioerdi</strong></span> <span class='ocrx_word' id='word_1_446' title='bbox 833 3477 1019 3590; x_wconf 57' lang='lat' dir='ltr'><strong>Episcopipost</strong></span> <span class='ocrx_word' id='word_1_447' title='bbox 1026 3477 1123 3526; x_wconf 87' lang='lat' dir='ltr'><strong>obitum</strong></span> <span class='ocrx_word' id='word_1_448' title='bbox 1133 3477 1218 3540; x_wconf 77' lang='lat' dir='ltr'><strong>ipdus,</strong></span> <span class='ocrx_word' id='word_1_449' title='bbox 1230 3476 1404 3540; x_wconf 83' lang='lat' dir='ltr'><strong>pronunciavit</strong></span> <span class='ocrx_word' id='word_1_450' title='bbox 1414 3491 1475 3525; x_wconf 91' lang='lat' dir='ltr'><strong>eum</strong></span> 
     </span>
     <span class='ocr_line' id='line_1_46' title="bbox 322 3541 1352 3636; baseline 0.001 -46"><span class='ocrx_word' id='word_1_451' title='bbox 322 3555 462 3630; x_wconf 66' lang='lat' dir='ltr'><strong>numunem</strong></span> <span class='ocrx_word' id='word_1_452' title='bbox 473 3547 500 3591; x_wconf 84' lang='lat' dir='ltr'><strong>et</strong></span> <span class='ocrx_word' id='word_1_453' title='bbox 510 3542 655 3630; x_wconf 66' lang='lat' dir='ltr'><strong>absolutum</strong></span> <span class='ocrx_word' id='word_1_454' title='bbox 666 3558 672 3601; x_wconf 94' lang='lat'>;</span> <span class='ocrx_word' id='word_1_455' title='bbox 689 3547 716 3591; x_wconf 87' lang='lat' dir='ltr'><strong>et</strong></span> <span class='ocrx_word' id='word_1_456' title='bbox 727 3543 759 3591; x_wconf 89' lang='lat' dir='ltr'><strong>de</strong></span> <span class='ocrx_word' id='word_1_457' title='bbox 769 3542 819 3631; x_wconf 66' lang='lat'>¹¹⁰⁰.</span> <span class='ocrx_word' id='word_1_458' title='bbox 827 3542 859 3591; x_wconf 85' lang='lat' dir='ltr'><strong>he</strong></span> <span class='ocrx_word' id='word_1_459' title='bbox 878 3547 917 3591; x_wconf 83' lang='lat' dir='ltr'><strong>uit</strong></span> <span class='ocrx_word' id='word_1_460' title='bbox 928 3543 1024 3631; x_wconf 58' lang='lat' dir='ltr'><strong>Litepae</strong></span> <span class='ocrx_word' id='word_1_461' title='bbox 1034 3541 1174 3636; x_wconf 69' lang='lat' dir='ltr'><strong>Pateutee;⁸</strong></span> <span class='ocrx_word' id='word_1_462' title='bbox 1187 3544 1209 3592; x_wconf 78' lang='grc'><strong>0.</strong></span> <span class='ocrx_word' id='word_1_463' title='bbox 1337 3607 1352 3636; x_wconf 48' lang='grc' dir='ltr'>ι</span> 
     </span>
    </p>

    <p class='ocr_par' dir='ltr' id='par_1_8' title="bbox 320 3671 1476 3962">
     <span class='ocr_line' id='line_1_47' title="bbox 356 3671 1475 3734; baseline 0 -15"><span class='ocrx_word' id='word_1_464' title='bbox 356 3671 452 3720; x_wconf 88' lang='lat' dir='ltr'><strong>Eodem</strong></span> <span class='ocrx_word' id='word_1_465' title='bbox 459 3671 506 3731; x_wconf 90' lang='lat' dir='ltr'><strong>die,</strong></span> <span class='ocrx_word' id='word_1_466' title='bbox 513 3672 607 3720; x_wconf 89' lang='lat' dir='ltr'><strong>ibidem</strong></span> <span class='ocrx_word' id='word_1_467' title='bbox 617 3671 735 3734; x_wconf 77' lang='lat' dir='ltr'><strong>[12J1uy‚</strong></span> <span class='ocrx_word' id='word_1_468' title='bbox 746 3671 1013 3732; x_wconf 74' lang='lat' dir='ltr'><strong>1259,-at13elfone,]</strong></span> <span class='ocrx_word' id='word_1_469' title='bbox 1021 3671 1148 3720; x_wconf 78' lang='lat' dir='ltr'><strong>confessus</strong></span> <span class='ocrx_word' id='word_1_470' title='bbox 1157 3678 1197 3720; x_wconf 85' lang='lat' dir='ltr'><strong>eat</strong></span> <span class='ocrx_word' id='word_1_471' title='bbox 1205 3671 1332 3720; x_wconf 76' lang='lat' dir='ltr'><strong>Michaelis</strong></span> <span class='ocrx_word' id='word_1_472' title='bbox 1343 3672 1374 3719; x_wconf 91' lang='lat' dir='ltr'><strong>de</strong></span> <span class='ocrx_word' id='word_1_473' title='bbox 1382 3671 1475 3734; x_wconf 86' lang='lat' dir='ltr'><strong>Leghe,</strong></span> 
     </span>
     <span class='ocr_line' id='line_1_48' title="bbox 324 3735 1474 3800; baseline 0 -16"><span class='ocrx_word' id='word_1_474' title='bbox 324 3735 434 3796; x_wconf 83' lang='lat' dir='ltr'><strong>clericus,</strong></span> <span class='ocrx_word' id='word_1_475' title='bbox 446 3753 473 3786; x_wconf 89' lang='lat' dir='ltr'><strong>se</strong></span> <span class='ocrx_word' id='word_1_476' title='bbox 484 3737 609 3800; x_wconf 83' lang='lat' dir='ltr'><strong>scripsisse</strong></span> <span class='ocrx_word' id='word_1_477' title='bbox 620 3737 741 3799; x_wconf 80' lang='lat' dir='ltr'><strong>quasdam</strong></span> <span class='ocrx_word' id='word_1_478' title='bbox 750 3737 846 3786; x_wconf 84' lang='lat' dir='ltr'><strong>Literas</strong></span> <span class='ocrx_word' id='word_1_479' title='bbox 857 3742 914 3799; x_wconf 90' lang='lat' dir='ltr'><strong>post</strong></span> <span class='ocrx_word' id='word_1_480' title='bbox 925 3736 1023 3785; x_wconf 89' lang='lat' dir='ltr'><strong>obitum</strong></span> <span class='ocrx_word' id='word_1_481' title='bbox 1037 3737 1151 3799; x_wconf 71' lang='lat' dir='ltr'><strong>Episcopi</strong></span> <span class='ocrx_word' id='word_1_482' title='bbox 1163 3737 1269 3797; x_wconf 87' lang='lat' dir='ltr'><strong>Ricardi,</strong></span> <span class='ocrx_word' id='word_1_483' title='bbox 1282 3741 1308 3784; x_wconf 86' lang='lat' dir='ltr'><strong>et</strong></span> <span class='ocrx_word' id='word_1_484' title='bbox 1318 3751 1404 3785; x_wconf 84' lang='lat' dir='ltr'><strong>carum</strong></span> <span class='ocrx_word' id='word_1_485' title='bbox 1416 3752 1474 3784; x_wconf 89' lang='lat' dir='ltr'><strong>cou-</strong></span> 
     </span>
     <span class='ocr_line' id='line_1_49' title="bbox 322 3800 1476 3878; baseline 0 -28"><span class='ocrx_word' id='word_1_486' title='bbox 322 3801 458 3878; x_wconf 77' lang='lat' dir='ltr'><strong>signacioni</strong></span> <span class='ocrx_word' id='word_1_487' title='bbox 469 3801 599 3878; x_wconf 61' lang='lat' dir='ltr'><strong>interiuiu</strong></span> <span class='ocrx_word' id='word_1_488' title='bbox 616 3803 692 3862; x_wconf 89' lang='lat' dir='ltr'><strong>unde,</strong></span> <span class='ocrx_word' id='word_1_489' title='bbox 704 3801 818 3864; x_wconf 79' lang='lat' dir='ltr'><strong>injuncta</strong></span> <span class='ocrx_word' id='word_1_490' title='bbox 829 3801 877 3850; x_wconf 87' lang='lat' dir='ltr'><strong>sibi</strong></span> <span class='ocrx_word' id='word_1_491' title='bbox 888 3801 1027 3864; x_wconf 85' lang='lat' dir='ltr'><strong>penitencia</strong></span> <span class='ocrx_word' id='word_1_492' title='bbox 1039 3801 1149 3860; x_wconf 82' lang='lat' dir='ltr'><strong>salutari,</strong></span> <span class='ocrx_word' id='word_1_493' title='bbox 1161 3801 1286 3850; x_wconf 86' lang='lat' dir='ltr'><strong>Dominus</strong></span> <span class='ocrx_word' id='word_1_494' title='bbox 1296 3816 1356 3850; x_wconf 90' lang='lat' dir='ltr'><strong>eum</strong></span> <span class='ocrx_word' id='word_1_495' title='bbox 1366 3800 1476 3850; x_wconf 72' lang='lat' dir='ltr'><strong>absrlrit</strong></span> 
     </span>
     <span class='ocr_line' id='line_1_50' title="bbox 320 3865 1349 3962; baseline 0.002 -48"><span class='ocrx_word' id='word_1_496' title='bbox 320 3881 347 3915; x_wconf 88' lang='lat' dir='ltr'><strong>m</strong></span> <span class='ocrx_word' id='word_1_497' title='bbox 358 3865 558 3956; x_wconf 38' lang='lat' dir='ltr'><strong>formeselam</strong></span> <span class='ocrx_word' id='word_1_498' title='bbox 570 3883 576 3927; x_wconf 92' lang='grc'><strong>;</strong></span> <span class='ocrx_word' id='word_1_499' title='bbox 595 3869 632 3955; x_wconf 45' lang='lat' dir='ltr'><strong>a*</strong></span> <span class='ocrx_word' id='word_1_500' title='bbox 798 3929 811 3954; x_wconf 43' lang='grc' dir='ltr'><strong>ο</strong></span> <span class='ocrx_word' id='word_1_501' title='bbox 976 3929 989 3954; x_wconf 72' lang='lat' dir='ltr'><strong>s</strong></span> <span class='ocrx_word' id='word_1_502' title='bbox 1156 3929 1169 3954; x_wconf 43' lang='grc'>1</span> <span class='ocrx_word' id='word_1_503' title='bbox 1333 3931 1349 3962; x_wconf 41' lang='grc' dir='ltr'>ι</span> 
     </span>
    </p>

    <p class='ocr_par' dir='ltr' id='par_1_9' title="bbox 320 3994 1475 4158">
     <span class='ocr_line' id='line_1_51' title="bbox 352 3994 1475 4058; baseline -0.002 -13"><span class='ocrx_word' id='word_1_504' title='bbox 352 3995 427 4045; x_wconf 82' lang='lat' dir='ltr'><strong>Anno</strong></span> <span class='ocrx_word' id='word_1_505' title='bbox 446 3997 540 4057; x_wconf 91' lang='lat' dir='ltr'><strong>eodem,</strong></span> <span class='ocrx_word' id='word_1_506' title='bbox 566 3997 593 4044; x_wconf 92' lang='lat' dir='ltr'><strong>iu</strong></span> <span class='ocrx_word' id='word_1_507' title='bbox 612 3996 721 4045; x_wconf 85' lang='lat' dir='ltr'><strong>crastino</strong></span> <span class='ocrx_word' id='word_1_508' title='bbox 742 3995 930 4058; x_wconf 83' lang='lat' dir='ltr'><strong>Assumpcionis</strong></span> <span class='ocrx_word' id='word_1_509' title='bbox 952 3995 994 4056; x_wconf 83' lang='lat' dir='ltr'><strong>[lo</strong></span> <span class='ocrx_word' id='word_1_510' title='bbox 1017 3994 1190 4058; x_wconf 74' lang='lat' dir='ltr'><strong>Aug.,1959],</strong></span> <span class='ocrx_word' id='word_1_511' title='bbox 1213 3995 1475 4044; x_wconf 85' lang='lat' dir='ltr'><strong>commiaitDominus</strong></span> 
     </span>
     <span class='ocr_line' id='line_1_52' title="bbox 320 4055 1233 4158; baseline 0 -48"><span class='ocrx_word' id='word_1_512' title='bbox 320 4061 460 4158; x_wconf 55' lang='lat' dir='ltr'><strong>Episcopup</strong></span> <span class='ocrx_word' id='word_1_513' title='bbox 471 4061 595 4112; x_wconf 88' lang='lat' dir='ltr'><strong>Willelmo</strong></span> <span class='ocrx_word' id='word_1_514' title='bbox 606 4061 638 4150; x_wconf 61' lang='lat' dir='ltr'><strong>d}</strong></span> <span class='ocrx_word' id='word_1_515' title='bbox 647 4061 748 4124; x_wconf 82' lang='lat' dir='ltr'><strong>Capella</strong></span> <span class='ocrx_word' id='word_1_516' title='bbox 757 4061 862 4152; x_wconf 63' lang='lat' dir='ltr'><strong>totalem</strong></span> <span class='ocrx_word' id='word_1_517' title='bbox 873 4061 1012 4156; x_wconf 57' lang='lat' dir='ltr'><strong>ctistodiam</strong></span> <span class='ocrx_word' id='word_1_518' title='bbox 1024 4059 1168 4150; x_wconf 60' lang='lat' dir='ltr'><strong>sigillorum</strong></span> <span class='ocrx_word' id='word_1_519' title='bbox 1174 4077 1181 4120; x_wconf 88' lang='lat'>;</span> <span class='ocrx_word' id='word_1_520' title='bbox 1198 4055 1233 4110; x_wconf 62' lang='grc' dir='ltr'><strong>Οἱ).</strong></span> 
     </span>
    </p>
   </div>
   <div class='ocr_carea' id='block_1_5' title="bbox 1333 4122 1347 4148">
    <p class='ocr_par' dir='ltr' id='par_1_10' title="bbox 1333 4122 1347 4148">
     <span class='ocr_line' id='line_1_53' title="bbox 1333 4122 1347 4148; baseline 0 0"><span class='ocrx_word' id='word_1_521' title='bbox 1333 4122 1347 4148; x_wconf 63' lang='grc' dir='ltr'><strong>θ</strong></span> 
     </span>
    </p>
   </div>
   <div class='ocr_carea' id='block_1_6' title="bbox 358 4189 1475 4254">
    <p class='ocr_par' dir='ltr' id='par_1_11' title="bbox 358 4189 1475 4254">
     <span class='ocr_line' id='line_1_54' title="bbox 358 4189 1475 4254; baseline 0 -14"><span class='ocrx_word' id='word_1_522' title='bbox 358 4191 433 4240; x_wconf 80' lang='lat' dir='ltr'><strong>Anno</strong></span> <span class='ocrx_word' id='word_1_523' title='bbox 444 4192 539 4253; x_wconf 87' lang='lat' dir='ltr'><strong>eodem,</strong></span> <span class='ocrx_word' id='word_1_524' title='bbox 551 4192 577 4254; x_wconf 87' lang='lat' dir='ltr'><strong>iij</strong></span> <span class='ocrx_word' id='word_1_525' title='bbox 592 4189 677 4240; x_wconf 87' lang='lat' dir='ltr'><strong>Nonas</strong></span> <span class='ocrx_word' id='word_1_526' title='bbox 688 4191 752 4240; x_wconf 85' lang='lat' dir='ltr'><strong>Julii</strong></span> <span class='ocrx_word' id='word_1_527' title='bbox 763 4191 789 4252; x_wconf 86' lang='lat'><strong>[5</strong></span> <span class='ocrx_word' id='word_1_528' title='bbox 806 4191 875 4254; x_wconf 87' lang='lat' dir='ltr'><strong>July,</strong></span> <span class='ocrx_word' id='word_1_529' title='bbox 894 4190 975 4251; x_wconf 55' lang='lat'>1260}</span> <span class='ocrx_word' id='word_1_530' title='bbox 991 4190 1114 4238; x_wconf 90' lang='lat' dir='ltr'><strong>Dominus</strong></span> <span class='ocrx_word' id='word_1_531' title='bbox 1126 4190 1263 4253; x_wconf 88' lang='lat' dir='ltr'><strong>Episcopus</strong></span> <span class='ocrx_word' id='word_1_532' title='bbox 1279 4189 1396 4253; x_wconf 88' lang='lat' dir='ltr'><strong>deposuit</strong></span> <span class='ocrx_word' id='word_1_533' title='bbox 1407 4191 1475 4254; x_wconf 87' lang='lat' dir='ltr'><strong>apud</strong></span> 
     </span>
    </p>
   </div>
   <div class='ocr_carea' id='block_1_7' title="bbox 322 4315 1477 4448">
    <p class='ocr_par' dir='ltr' id='par_1_12' title="bbox 322 4315 1477 4448">
     <span class='ocr_line' id='line_1_55' title="bbox 322 4315 1477 4382; baseline 0.001 -14"><span class='ocrx_word' id='word_1_534' title='bbox 322 4315 332 4348; x_wconf 83' lang='lat'><strong>¹</strong></span> <span class='ocrx_word' id='word_1_535' title='bbox 351 4319 382 4368; x_wconf 90' lang='lat' dir='ltr'><strong>Iu</strong></span> <span class='ocrx_word' id='word_1_536' title='bbox 404 4319 448 4368; x_wconf 87' lang='lat' dir='ltr'><strong>the</strong></span> <span class='ocrx_word' id='word_1_537' title='bbox 467 4319 612 4382; x_wconf 82' lang='lat' dir='ltr'><strong>mergin—‘</strong></span> <span class='ocrx_word' id='word_1_538' title='bbox 632 4317 880 4379; x_wconf 49' lang='lat' dir='ltr'><strong>Eccommucicccioffl</strong></span> <span class='ocrx_word' id='word_1_539' title='bbox 904 4323 932 4367; x_wconf 90' lang='lat' dir='ltr'><strong>to</strong></span> <span class='ocrx_word' id='word_1_540' title='bbox 951 4317 1031 4368; x_wconf 84' lang='lat' dir='ltr'><strong>which</strong></span> <span class='ocrx_word' id='word_1_541' title='bbox 1050 4317 1144 4382; x_wconf 85' lang='lat' dir='ltr'><strong>Bishop</strong></span> <span class='ocrx_word' id='word_1_542' title='bbox 1159 4318 1312 4368; x_wconf 80' lang='lat' dir='ltr'><strong>Grandiesou</strong></span> <span class='ocrx_word' id='word_1_543' title='bbox 1330 4317 1375 4368; x_wconf 83' lang='lat' dir='ltr'><strong>has</strong></span> <span class='ocrx_word' id='word_1_544' title='bbox 1393 4320 1477 4369; x_wconf 88' lang='lat' dir='ltr'><strong>added</strong></span> 
     </span>
     <span class='ocr_line' id='line_1_56' title="bbox 354 4382 765 4448; baseline -0.002 -14"><span class='ocrx_word' id='word_1_545' title='bbox 354 4383 420 4447; x_wconf 82' lang='lat' dir='ltr'><strong>“pro</strong></span> <span class='ocrx_word' id='word_1_546' title='bbox 430 4382 497 4434; x_wconf 78' lang='lat' dir='ltr'><strong>bosio</strong></span> <span class='ocrx_word' id='word_1_547' title='bbox 507 4383 622 4448; x_wconf 78' lang='lat' dir='ltr'><strong>Episcopi</strong></span> <span class='ocrx_word' id='word_1_548' title='bbox 631 4383 765 4448; x_wconf 61' lang='lat' dir='ltr'><strong>defuncli‘&#39;</strong></span> 
     </span>
    </p>
   </div>
   <div class='ocr_carea' id='block_1_8' title="bbox 0 0 1616 4984">
    <p class='ocr_par' dir='ltr' id='par_1_13' title="bbox 0 0 1616 4984">
     <span class='ocr_line' id='line_1_57' title="bbox 0 0 1616 4984; baseline 0 0"><span class='ocrx_word' id='word_1_549' title='bbox 0 0 1616 4984; x_wconf 95' lang='lat' dir='ltr'><strong> </strong></span> 
     </span>
    </p>
   </div>
  </div>
 </body>
</html>
