3252 4984
613 481 797 538 annuens
822 483 958 540 mons.
1290 465 1362 539 325

311 637 507 689 Penitencierius
518 638 563 704 qui
573 654 619 704 pro
629 643 743 704 tempore
753 639 780 689 in
791 640 879 689 eedem
895 639 1032 689 Exoniensi
1048 639 1158 690 Ecclesia
1168 639 1247 690 inerit
1257 639 1365 705 primum

310 719 403 764 vocem,
415 707 473 768 post
484 704 604 754 Personas
612 704 640 754 in
649 705 704 769 ipsa
714 703 851 754 &oniensi
862 705 973 755 Ecclesia
990 705 1134 769 Dignitetss
1148 719 1193 755 seu
1213 707 1364 756 Personatus

310 768 438 831 hebentes,
455 769 481 818 in
499 769 671 819 Eleccionibus
688 769 867 834 Episcoporum
884 775 911 820 et
927 770 1092 833 Decsnorum,
1108 770 1135 820 in
1153 770 1277 834 Capitulo,
1293 787 1322 819 ac
1338 770 1367 819 in

310 833 427 883 omnibus
438 833 492 882 aliis
503 839 530 883 et
540 835 645 898 singulis
662 834 814 884 tractatibus
830 834 909 898 ipsius
927 835 1042 896 Ecclesic,
1055 836 1168 899 optineat
1184 841 1211 886 et
1227 835 1326 896 hebeat,
1337 850 1367 884 sc

309 898 387 948 eciem
398 899 587 962 quodprimum
598 899 682 948 locum
692 903 751 963 post
761 899 841 949 dictas
857 900 978 950 Personas
994 901 1021 949 in
1037 899 1235 963 processionibus
1254 901 1366 959 habeat;

308 963 485 1012 nichilominus
496 964 631 1014 statuendo
642 980 671 1014 sc
681 963 760 1013 eciam
779 965 943 1014 discernendo
961 969 988 1014 et
1006 979 1120 1028 expresse
1138 965 1277 1014 ordinnndo
1296 964 1365 1026 quod

310 1027 358 1090 ipsi
375 1029 555 1078 Penitenciarie
574 1029 645 1078 nullo
662 1045 722 1078 cure
736 1028 837 1092 penitus
856 1029 891 1078 sit
910 1044 1014 1091 ennena,
1034 1035 1061 1078 et
1079 1030 1148 1093 quod
1166 1029 1290 1088 Officium,
1303 1029 1367 1078 dum

309 1092 425 1142 Decanus
437 1093 463 1142 in
474 1093 528 1157 ipss
539 1091 675 1142 Exoniensi
687 1093 797 1142 Ecclesia
807 1109 908 1156 presens
923 1109 975 1144 non
993 1093 1079 1156 fuerit,
1091 1099 1204 1144 exercent
1215 1093 1364 1144 subdecani.

309 1157 371 1206 Post
390 1157 442 1218 hec,
455 1162 547 1218 autem,
560 1159 645 1208 omnis
662 1159 775 1222 prefatus
790 1159 952 1208 Reverendus
970 1159 1053 1220 Pater,
1070 1159 1176 1222 propriis
1195 1159 1320 1217 menibus,
1338 1159 1365 1206 in

309 1222 386 1271 tercio
397 1221 470 1272 stallo
482 1222 559 1272 cnon·
569 1223 637 1272 dicte
648 1223 795 1272 Exoniensis
813 1223 928 1284 Ecclesia,
947 1239 963 1272 e
979 1229 1050 1287 purte
1066 1224 1177 1285 dextera,
1189 1228 1246 1288 post
1261 1223 1365 1273 stallum

310 1287 411 1348 Decani,
430 1287 506 1351 juxte
520 1287 598 1350 ipsius
615 1288 723 1337 Ecclesiae
735 1287 952 1350 Archidinconum,
971 1289 1096 1352 prefatum
1114 1287 1253 1337 Dominum
1270 1287 1365 1337 Willel·

309 1367 389 1413 mum,
400 1357 522 1416 tunquam
534 1352 744 1402 Penitencisriurn
756 1367 831 1401 suurn
843 1357 870 1401 et
886 1369 930 1402 sue
951 1353 1099 1402 Iixouiensis
1116 1353 1233 1414 Ecclesie,
1253 1353 1364 1416 legitime

310 1422 336 1492 st
347 1417 463 1494 cononice
474 1417 612 1494 instullsvii
623 1433 629 1476 ;
646 1432 750 1494 necnon,
762 1417 847 1478 eciam,
865 1421 891 1466 et
902 1418 1092 1494 iffrocuratorem
1108 1417 1250 1496 legitimum
1263 1417 1364 1494 discreti

310 1481 491 1609 'sirmi
501 1481 926 1609 indiffinitum
942 1483 1365 1605 wittimirus}

311 1610 408 1660 cionem
430 1615 593 1674 spectantem,
613 1611 760 1671 contulerat,
780 1611 882 1660 nomine
903 1611 981 1674 ipsius
1004 1612 1117 1676 Magistri
1140 1611 1269 1675 Stephani,
1290 1611 1366 1675 juxte

313 1675 418 1725 Stetuts
437 1680 463 1724 et
480 1676 682 1726 Consuetudinss
700 1675 779 1738 ipsius
799 1675 897 1724 Exonie
917 1676 1034 1738 Ecclesia,
1046 1681 1123 1740 prout
1139 1677 1231 1738 decuit,
1249 1676 1366 1725 canoniea

312 1739 470 1801 instullnndo,
488 1756 533 1803 per
551 1741 748 1790 instellscionem
764 1739 911 1803 hujusmodi
932 1740 1007 1790 alicui
1025 1741 1193 1805 prejudicium
1212 1741 1293 1791 iecere
1314 1757 1366 1791 non

313 1804 583 1854 intendens-Actum
603 1805 705 1866 Exonie,
724 1805 751 1853 in
771 1805 853 1854 Oboro
869 1805 980 1870 predicis
1002 1806 1149 1855 Exoniensis
1166 1805 1294 1860 Ecclesis:
1311 1822 1366 1869 pre·

312 1869 426 1919 sentibus
442 1869 632 1919 venerabilibus
646 1870 713 1930 siris,
730 1869 850 1932 Magistro
867 1870 976 1920 Roberto
993 1871 1025 1919 de
1042 1871 1174 1933 Evesbsm,
1185 1870 1367 1920 Archidisccno

313 1933 467 1994 Excniensi3
492 1935 601 1984 Henrico
618 1933 758 1996 de-Bcllec,
777 1931 961 1996 Comubisnsi3
984 1935 1081 1984 Thome
1099 1937 1131 1984 dc
1150 1935 1286 1997 Bodeham,
1305 1936 1367 1986 uos·

314 1999 422 2048 toniensi
449 1999 644 2060 Archidiuconis,
667 1999 776 2048 Domino
798 1999 923 2048 Willelmo
951 2000 983 2049 de
1005 2001 1202 2064 Wereplesdone,
1231 1999 1368 2050 Exonisnsi

318 2064 449 2126 canonico,
461 2064 570 2114 Domino
590 2063 698 2113 chrico
715 2065 746 2113 de
763 2063 885 2126 Shiptone
898 2063 1050 2128 Bellicampi,
1065 2081 1093 2114 ac
1105 2065 1224 2128 Magistro
1235 2065 1369 2128 Radulpho

313 2128 446 2192 Germeyn,
472 2129 503 2178 dc
526 2130 656 2192 Oppetone
684 2129 840 2192 propriarum
869 2128 1034 2179 Ecclesierum
1063 2129 1211 2178 Recicribus
1223 2129 1235 2186 '3'
1258 2133 1285 2179 ct
1312 2129 1367 2178 aliis

313 2193 432 2242 'l'estibus
454 2193 486 2242 ad
506 2192 554 2242 hoc
570 2193 710 2256 specialiter
725 2193 819 2242 vocatis
836 2197 862 2242 et
878 2193 1046 2257 rogatis-Et
1062 2209 1114 2258 ego,
1132 2195 1323 2244 Bartholomsus
1334 2195 1367 2244 de

313 2257 406 2307 Sancto
423 2257 568 2318 Laursncio,
586 2257 705 2307 Publicus
722 2257 866 2320 Apostolico
882 2263 909 2306 et
925 2257 1051 2320 imperiali
1062 2259 1221 2308 Auctoritate
1239 2259 1366 2319 Notarius,

313 2322 430 2372 omnibus
442 2327 468 2372 et
484 2323 589 2385 singulis
606 2322 732 2386 premissis
748 2316 861 2382 interlui,
873 2327 899 2371 et
911 2327 1028 2386 utsupra
1044 2323 1137 2386 legitur
1153 2324 1190 2372 ita
1205 2324 1237 2372 de
1248 2324 1323 2373 verbo
1334 2324 1368 2373 ed

312 2388 418 2436 verbum
430 2387 564 2450 subscripsi
576 2392 601 2436 et
613 2387 745 2450 publicavi,
757 2401 863 2450 meoque
874 2387 962 2450 singno
979 2387 1030 2449 (ric)
1043 2393 1162 2438 consueto
1179 2389 1293 2452 singnavi
1306 2387 1367 2450 (sic),

313 2456 422 2515 rugatus
457 2453 498 2501 Ad
514 2452 643 2516 mojorem,
661 2457 754 2513 autem,
772 2452 895 2500 cautelam
912 2457 939 2501 et
954 2453 1107 2502 evidenoinm
1126 2454 1269 2516 pleniorem,
1286 2453 1367 2516 sigilla

313 2515 416 2565 Domini
427 2517 575 2566 Exoniensis
587 2517 703 2580 Episcopi
714 2521 741 2566 et
751 2515 900 2566 Exoniensis
913 2516 1022 2566 Ecclesie
1034 2517 1152 2580 Capituli,
1160 2518 1243 2582 sepius
1254 2517 1367 2568 nomina·

314 2585 398 2631 torum
410 2582 532 2646 superius,
544 2581 603 2630 huic
615 2582 789 2630 Instrumento
801 2581 905 2630 Publico
916 2587 978 2630 suut
988 2597 1113 2646 appenss;
1133 2585 1187 2633 125.

216 2659 390 2740 Elendone,
404 2662 494 2728 John
510 2662 560 2742 de,
575 2682 624 2728 sea
640 2662 848 2748 Ashreigney
865 2662 965 2746 (note)
980 2687 987 2741 ;
1011 2665 1082 2727 121.

215 2765 307 2850 Elys,
319 2765 497 2830 Durandus
515 2765 586 2850 (son
602 2765 638 2830 oi
663 2765 845 2848 Nicholas)‚
861 2765 1005 2842 cleric,—

281 2867 334 2918 'Phe
353 2870 447 2933 Bishop
464 2875 551 2933 grente
570 2869 624 2918 him
641 2885 656 2918 a
673 2869 779 2918 Peneion
795 2869 821 2917 ci
838 2870 887 2918 ius
907 2870 1034 2934 cunually,
1052 2867 1108 2920 “de
1126 2885 1222 2920 camere
1240 2874 1370 2920 nostrast

315 2935 492 2984 Successorum
509 2939 653 2983 nostrorum
670 2971 676 2983 .
693 2971 700 2984 .
719 2971 724 2984 .
743 2971 749 2983 .
767 2949 811 2996 per
834 2949 924 2982 manus
947 2935 1091 2998 Recepton's
1113 2937 1215 2996 nostri,'¹
1236 2935 1302 2986 until
1324 2935 1369 2984 the

314 2999 408 3062 Bisbop
430 3016 458 3048 or
480 2999 519 3048 his
539 3001 690 3058 Successore,
715 2999 806 3047 should
826 3003 940 3062 promote
960 3001 1013 3048 him
1036 3004 1063 3048 tc
1085 3015 1101 3048 a
1122 3001 1229 3050 suitable
1246 3001 1367 3050 Benefioe.

314 3063 373 3112 And
385 3063 417 3112 he
428 3065 541 3112 adds-“
549 3064 672 3113 Volumus
684 3069 710 3112 et
721 3064 880 3112 concedimus
891 3079 936 3126 pro
949 3064 1020 3112 nobie
1035 3069 1062 3113 et
1078 3065 1266 3115 Successoribus
1277 3065 1370 3114 nostris

315 3129 390 3192 quod,
405 3129 426 3177 si
437 3129 518 3178 eidem
536 3129 656 3178 Durando
667 3127 707 3176 vel
719 3129 774 3190 ejus
786 3129 910 3190 assignabo
921 3129 946 3176 in
959 3129 1084 3178 solucione
1100 3130 1225 3179 antedicta
1240 3130 1370 3180 Passionis

317 3193 369 3242 suis
385 3193 508 3242 Terminis
520 3209 570 3242 non
581 3193 659 3242 inerit
670 3193 778 3256 plennrie
792 3193 956 3254 satisfactum,
969 3195 1038 3256 quod
1049 3195 1191 3244 vicecomes
1202 3195 1314 3243 Desonie
1343 3195 1371 3243 ui

317 3273 362 3320 pro
374 3263 487 3320 ternpore
498 3257 576 3308 inerit
589 3258 665 3307 iaciat
678 3258 860 3306 districcionem
872 3258 898 3306 in
910 3258 1034 3319 Maneriis,
1046 3259 1138 3308 nostris
1149 3259 1181 3308 de
1193 3259 1338 3322 Cbuddeleg
1357 3275 1371 3307 e

316 3327 343 3371 ei
353 3323 385 3371 de
395 3321 524 3386 'I'eygtone
541 3323 603 3383 (sic),
621 3339 665 3386 per
679 3323 821 3386 capcionem
837 3327 863 3370 et
879 3323 1047 3372 retcncionem
1062 3321 1212 3373 sveriorum¹
1226 3329 1371 3374 nostrorum

316 3386 356 3437 vel
368 3387 500 3436 hominum
516 3391 660 3437 nostrorum
676 3387 702 3436 in
719 3387 812 3436 eisdem
829 3387 952 3448 Macariis,
965 3388 1044 3437 donec
1078 3389 1173 3438 redicto
1189 3389 1318 3449 Durnndo,
1331 3389 1371 3438 vel

317 3451 373 3514 ejus
396 3457 464 3501 certo
480 3453 604 3516 assignato
627 3452 728 3501 nomine
744 3452 823 3514 ipsius
840 3452 961 3510 Durandi,
979 3452 1088 3516 plenarie
1109 3455 1188 3502 fuerit
1204 3454 1369 3503 satisfactum.

318 3517 492 3579 Concedimus,
504 3517 613 3581 insuper,
625 3517 694 3580 quod
709 3517 776 3565 idem
793 3517 935 3565 Vioeoomcs
952 3517 1043 3566 habeut
1060 3519 1091 3567 dc
1108 3518 1179 3567 bonis
1191 3519 1282 3568 nostris
1294 3533 1372 3568 unam

315 3596 426 3631 mercem
441 3583 539 3645 argenti
555 3597 601 3646 pro
612 3581 724 3644 quelibet
735 3581 893 3630 districcione
909 3582 1022 3631 iacienda
1039 3618 1045 3632 .
1064 3619 1069 3632 .
1088 3585 1222 3632 .-Actum
1239 3588 1265 3632 et
1281 3585 1371 3632 datum

318 3646 422 3702 Exonie,
444 3647 485 3695 die
505 3647 608 3697 sabbati
627 3646 742 3710 proxima
760 3651 818 3710 post
834 3647 939 3695 Festum
960 3646 1144 3696 Purificocionis
1161 3649 1238 3697 Beate
1254 3647 1371 3710 Virginis,

317 3710 392 3760 Anno
410 3711 497 3760 Grecis
514 3711 558 3761 ΜΟ.
577 3709 637 3762 00⁰.
658 3711 809 3774 octogesimo
829 3711 917 3774 primo,
934 3715 960 3760 ct
976 3727 1042 3760 anno
1058 3712 1140 3811 Regni
1159 3713 1233 3777 Regis
1253 3711 1372 3762 Edwardi

317 3775 361 3824 lilii
373 3775 482 3837 Raurici,
495 3776 569 3839 Regis
580 3775 677 3839 Anglie,
689 3777 786 3826 decimo
797 3773 823 3838 [7
836 3776 903 3836 Feb,
914 3773 1015 3839 1281-2]
1027 3791 1034 3836 3
1052 3777 1098 3826 116
1113 3813 1119 3826 .

225 3853 366 3941 Engleis,
382 3854 486 3942 Hugh
502 3855 541 3932 le,
556 3857 631 3921 inst.
647 3861 683 3921 to
698 3855 837 3921 Taleton
850 3879 857 3936 3
880 3859 951 3921 130.

226 3955 431 4044 Emington,
454 3957 509 4023 Sir
530 3957 642 4023 David
661 3957 799 4025 Martini
828 3957 885 4038 R.;
915 3958 973 4024 the
995 3957 1243 4046 sequestratim
1264 3959 1300 4027 oi
1320 3959 1373 4026 his

306 4043 467 4122 Benefice,
487 4047 520 4128 (“
529 4045 565 4108 in
584 4043 735 4111 Porcione
753 4065 852 4130 quam
873 4044 975 4111 habet
1000 4047 1037 4109 in
1061 4046 1205 4114 Ecclesia
1216 4047 1246 4132 '')
1268 4047 1373 4112 taken

307 4131 360 4208 ofl,
376 4133 417 4194 28
433 4129 655 4212 Nov.,²1282;
678 4133 764 4195 ll9l’.

221 4258 230 4292 ¹
250 4262 397 4324 mrem]
419 4261 632 4340 Aueria-'‘⁴eqpi,
649 4279 715 4326 oses,
731 4264 772 4340 ju·
850 4264 960 4342 'culturae
971 4264 1113 4314 inserviunt
1123 4264 1268 4342 (Dssens's).

253 4332 347 4410 mente,
358 4333 490 4392 ceteraque
505 4327 621 4378 animalia
637 4343 694 4393 qus
709 4345 771 4394 egri-
821 4327 884 4393 ’mr
897 4329 1029 4380 Kalendas
1045 4329 1196 4382 Decembris.
