3298 4984
650 481 963 536 enusnnnmnnx.
1338 463 1383 532 95

318 645 345 690 et
355 645 384 690 ut
396 639 488 704 singuli
499 655 585 690 eorum
597 655 641 704 per
651 657 684 700 se,
697 641 736 689 vel
754 655 798 703 per
813 639 922 705 idoneos,
932 639 1049 700 vicarios,
1061 638 1174 701 singulos
1185 637 1275 703 viginti
1285 637 1379 688 solidos

318 707 350 754 de
367 707 533 754 Dominorum
561 722 664 754 suorum
692 705 851 769 porcionibus
878 705 1009 754 annuatim
1038 705 1208 768 percipientes,
1225 705 1330 753 honeste
1352 707 1379 752 et

317 773 435 820 continue
447 771 589 819 deserviant
607 771 633 818 in
650 771 743 819 eadem.
778 771 898 820 Ceterum
914 771 1040 832 premissis
1056 770 1185 818 adiciendo
1196 769 1340 818 ordinamus
1351 772 1383 818 ut

319 852 385 885 unus
401 849 430 884 ex
443 837 516 884 dictis
532 836 694 884 Porcionuriis
714 837 862 884 Procurator
874 835 907 884 sit
919 835 1029 898 collegii,
1049 841 1075 883 et
1093 835 1263 884 Procuratoris
1279 834 1381 884 nomine

319 902 465 964 appelletur,
475 917 607 964 quousque
619 902 650 949 de
663 901 807 964 Cupitnneo,
818 917 862 950 seu
875 901 992 961 Custode,
1002 901 1088 949 habits
1099 916 1157 950 curn
1167 899 1283 962 Ospitulo
1294 904 1380 948 nostro

321 967 498 1014 deliberacione
514 966 627 1029 pleniori,
639 966 712 1014 aliter
729 966 875 1014 duxerimus
891 966 1065 1014 ordinandum.
1095 967 1131 1014 Et
1142 967 1210 1027 quod
1229 965 1336 1028 quilibet
1350 979 1382 1014 ex

321 1031 380 1094 ipsis
396 1031 515 1080 tredecim
535 1031 649 1080 Personis
671 1047 714 1079 sex
731 1047 832 1090 murcos,
845 1031 946 1080 nomine
963 1030 1091 1093 porcionis,
1106 1031 1237 1079 annuatim
1254 1029 1381 1093 percipiat,

320 1097 352 1144 de
371 1096 443 1146 bonis
459 1096 607 1158 hujusmodi
633 1096 798 1144 Ecclesiarum
827 1096 1008 1144 Poroohiulium
1025 1095 1180 1158 assignatss3
1197 1095 1240 1156 ite,
1257 1095 1381 1152 videlicet,

322 1162 390 1224 quod
401 1161 522 1224 quiequid
534 1175 563 1208 ex
573 1161 644 1208 bonis
656 1161 695 1224 pin
703 1161 834 1208 collacione
846 1159 968 1209 Fidelium
978 1161 1010 1208 nd
1017 1161 1227 1209 sustcntacionem
1236 1160 1384 1224 huJ'usmodi

322 1227 496 1274 Ministrorum
524 1226 654 1288 assignetis
684 1227 723 1274 rel
757 1226 918 1287 assignandis,
942 1227 1010 1274 ultra
1038 1227 1161 1288 prelatum
1188 1240 1314 1274 summam
1339 1240 1383 1274 sex

322 1307 470 1351 marmrum,
482 1295 582 1340 auctore
600 1291 715 1350 Domino,
725 1291 829 1339 creverit
845 1291 1000 1339 infuturum
1016 1291 1190 1352 residentibus,
1208 1295 1234 1339 et
1251 1289 1385 1339 Metutinis

322 1357 362 1404 vel
385 1356 411 1404 in
431 1356 521 1419 Magne
542 1355 618 1404 Missa
640 1356 804 1418 presentibus,
828 1356 867 1404 vel
889 1355 1050 1418 principalem
1068 1371 1152 1404 meme
1174 1355 1335 1404 releccionem
1357 1355 1385 1402 in

324 1422 411 1470 eodem
431 1420 484 1469 loco
503 1421 726 1469 sumentibus-nd
745 1437 794 1484 que
811 1421 934 1468 intrantes
953 1420 1089 1469 Canonicos
1105 1421 1185 1483 prims
1200 1419 1241 1468 dis
1259 1419 1384 1468 adventus

324 1486 363 1534 sui
390 1486 509 1534 nolumus
525 1486 739 1534 arture-nomine
763 1485 886 1533 cotidiano
914 1485 1100 1534 distribucionis
1116 1489 1244 1534 accrescat
1279 1485 1321 1534 Ad
1337 1485 1383 1533 heo

324 1551 469 1599 diffiniendo
491 1551 635 1599 ordinemus
658 1556 688 1598 ut
710 1551 736 1599 in
756 1551 867 1613 quolibet
890 1567 920 1599 ex
941 1550 1058 1613 predictis
1080 1550 1162 1598 tribus
1181 1549 1297 1598 Ecclesiis
1317 1564 1384 1598 unus

325 1616 454 1664 ordinetur
476 1616 589 1664 Vicerius
617 1616 765 1678 Perpetuus,
789 1631 832 1678 per
854 1631 899 1664 nos
921 1621 947 1663 et
969 1631 1120 1664 successores
1141 1619 1239 1664 nostros
1262 1613 1385 1664 Oenoniee

324 1681 503 1741 instituendus,
515 1695 601 1728 curam
613 1681 691 1744 plebis
710 1681 804 1729 hebens
816 1696 822 1740 ;
839 1685 867 1729 et
883 1681 989 1743 quilibet
1008 1681 1034 1729 in
1046 1697 1092 1730 sun
1101 1680 1188 1744 jugem
1200 1695 1228 1729 sc
1239 1679 1384 1730 continuem

324 1745 400 1794 iaciat
419 1745 581 1794 residenciam
599 1745 760 1808 personalem.
795 1747 830 1794 Et
848 1747 916 1808 quod
930 1746 1056 1794 dictarum
1072 1746 1233 1806 Vicarisrum,
1245 1759 1342 1795 necnon
1359 1748 1387 1794 et

325 1811 392 1859 dicte
403 1808 538 1874 Collegiute
550 1811 658 1860 Ecclesie
669 1811 815 1874 porcionum
834 1811 941 1860 Collucio
957 1811 989 1859 ud
1008 1825 1055 1860 nos
1073 1815 1099 1860 et
1117 1825 1268 1860 successores
1279 1813 1385 1870 nostroe,

326 1877 461 1939 Episcopos
478 1876 637 1934 Exonienses,
657 1877 783 1938 pertineat
799 1875 825 1924 in
842 1875 960 1924 futurum
975 1891 981 1934 3
998 1876 1106 1939 eugendi
1128 1891 1229 1940 quoque
1251 1889 1386 1924 numerum

326 1941 499 1989 Ministrorum
510 1945 537 1988 et
553 1955 640 1988 eorum
656 1941 789 2004 supplendi
805 1941 939 2004 porciones,
949 1957 1007 1990 cum
1025 1941 1139 2004 expedire
1156 1940 1300 2002 viderimus,
1312 1944 1388 2004 prout

327 2005 387 2054 Loci
395 2005 517 2054 creverint
529 2006 661 2054 iscultstes
673 2021 680 2065 ;
691 2011 718 2054 et
729 2006 777 2054 slis
784 2006 962 2054 reformncione
976 2007 1059 2055 forsan
1071 2007 1146 2070 digna
1154 2005 1300 2056 inmutandi
1313 2004 1386 2054 nobis

330 2075 483 2132 potestatem
505 2071 650 2120 retinemus.
687 2070 817 2131 Promisso,
842 2086 906 2130 vero,
930 2072 1014 2120 omnis
1041 2071 1149 2120 lecimus
1172 2077 1198 2120 et
1219 2070 1381 2120 ordimvimu

329 2135 403 2184 salvis
415 2136 441 2184 in
461 2135 579 2184 omnibus
596 2136 721 2198 dignitate
738 2140 764 2184 st
780 2135 873 2184 honore
891 2137 1037 2200 Episcopali,
1048 2137 1106 2200 jure
1118 2136 1227 2186 Ecclesie
1239 2135 1386 2184 Exoniensis

328 2199 1388 2265 etjuredrchidincolsni,(ric)teminspproprietisquaminsppmpiiandislloclesiis

327 2265 391 2314 -In
413 2265 491 2328 hujus
513 2265 549 2313 rei
578 2265 758 2326 testimonium,
780 2265 813 2314 ad
841 2271 953 2314 stemnm
981 2267 1134 2327 memoriam,
1157 2266 1231 2329 sigilli
1259 2265 1339 2315 nostri
1360 2269 1387 2313 et

330 2329 494 2378 Dominorum
522 2331 616 2378 Decnni
638 2335 665 2379 et
693 2330 804 2392 Capituli
822 2331 917 2379 Exonie
940 2331 1079 2380 munimine
1106 2336 1248 2394 presentem
1270 2330 1387 2394 peginam

328 2395 446 2443 duximus
457 2395 628 2443 roborandam.
663 2395 757 2443 Actum
772 2401 798 2444 et
816 2396 920 2456 Datum,
932 2397 1000 2458 apud
1017 2397 1165 2456 Glssneism,
1177 2395 1284 2458 septimo
1297 2394 1388 2444 Kelen-

327 2459 371 2508 dns
391 2459 484 2522 Aprilis
513 2461 554 2520 [¹26
578 2459 683 2522 Murch],
711 2460 892 2508 lncamscionis
914 2460 1045 2509 Dominice
1063 2461 1195 2510 Millesimo
1217 2459 1389 2509 ducentesimo

328 2525 480 2586 sexagesimo
502 2525 617 2586 septimo,
641 2525 838 2574 Oonsecmcionis
858 2530 942 2573 nostre
967 2525 1072 2584 decimo,
1092 2531 1118 2574 et
1142 2525 1307 2574 ffirndscionis
1330 2524 1389 2574 Ioci

328 2589 434 2652 predicti
453 2605 518 2638 anuo
538 2591 619 2638 tercio.
655 2591 781 2650 [Stitched
796 2591 822 2638 in
839 2595 866 2638 at
883 2591 927 2638 the
944 2590 1079 2652 beginning
1098 2591 1124 2638 ol
1142 2590 1186 2638 the
1205 2589 1319 2651 Volume,
1339 2589 1390 2638 sud

328 2655 449 2702 endorsed
464 2672 468 2703 :
486 2655 643 2703 “Ordinante
658 2656 831 2704 Canonium-um
842 2655 872 2703 de
884 2655 986 2718 cruny
994 2655 1027 2710 ”3
1046 2655 1104 2716 also,
1117 2655 1132 2679 “
1143 2654 1177 2703 lb
1188 2654 1213 2704 tc
1220 2661 1268 2717 put
1283 2654 1335 2703 into
1351 2653 1390 2704 ue

329 2719 406 2768 Boole
424 2718 454 2780 os
467 2719 610 2778 Dcncticnr,
628 2719 679 2767 aud
695 2725 751 2767 nect
768 2726 790 2768 to
806 2719 844 2768 tle
864 2719 987 2768 Donatiou
1004 2719 1035 2779 os
1050 2720 1088 2768 un
1103 2720 1203 2783 Rectory
1218 2719 1247 2776 of
1265 2717 1393 2768 Buctlcnd

329 2783 433 2846 Priona
444 2783 474 2846 ty
483 2783 568 2846 Heary
581 2783 642 2844 Bell,
654 2791 677 2833 to
696 2783 790 2844 Walter,
804 2785 849 2846 Bp.
862 2785 892 2848 os
901 2785 976 2832 licon.
1004 2785 1059 2834 Setis
1070 2785 1166 2834 Sarum
1193 2784 1254 2835 Nou
1269 2785 1308 2847 11,
1321 2783 1392 2834 1667.

228 2881 551 2966 ——Appropriutiou
578 2881 616 2962 of
633 2881 683 2946 ue
707 2881 868 2946 ulceratos
887 2881 926 2965 of
948 2883 993 2947 St.
1010 2881 1169 2966 Sitlancy,¹
1191 2881 1239 2948 Sc.
1261 2879 1394 2946 Seuera

320 2967 489 3051 [Zennor]‚
502 2967 548 3032 St.
567 2967 691 3043 Geron,
704 2967 751 3032 st.
768 2969 907 3044 dnoder,
923 2968 996 3034 oud
1011 2967 1164 3054 nanceyo
1179 2969 1239 3053 [st.
1253 2967 1394 3052 Keo],-

297 3072 403 3120 -llnno
430 3073 525 3128 eodem,
553 3071 594 3138 die
623 3071 708 3120 Sancti
736 3071 820 3134 ligidii
847 3072 872 3133 [1
901 3073 979 3136 Sept,
1008 3070 1090 3135 1270J.
1120 3071 1237 3121 cononici
1270 3073 1392 3138 Glnsneye

330 3137 496 3184 obtinuerunt
531 3137 639 3185 Literum
668 3135 770 3184 Domini
791 3137 914 3200 Episcopi,
938 3137 1006 3200 apud
1035 3138 1105 3196 crist,
1128 3142 1155 3185 et
1176 3137 1391 3188 confirmationem

331 3201 423 3249 Deeani
446 3207 472 3250 et
490 3201 600 3264 Capituli
618 3201 773 3259 Exoniensis,
790 3203 822 3250 de
841 3203 957 3250 Ecclesiis
974 3203 1021 3250 sibi
1038 3203 1149 3262 annexis,
1167 3201 1213 3251 ιιιιι
1231 3203 1278 3252 hec
1294 3203 1392 3253 forms:

331 3266 457 3316 Universis
468 3265 664 3326 etc.,—Noverit
682 3266 836 3315 Universitus
848 3272 930 3314 vestro
946 3267 1015 3329 quod
1031 3283 1084 3327 nos,
1096 3267 1257 3316 consideretis
1267 3268 1393 3318 tenuitate

330 3337 498 3392 proventuum
522 3331 629 3380 Ecclesie
648 3332 719 3379 Beati
740 3331 835 3380 Thome
857 3331 967 3380 Mentiris
989 3332 1020 3379 de
1041 3333 1166 3392 Glasneye
1185 3338 1213 3382 et
1231 3348 1305 3382 onere
1325 3333 1394 3397 quod

329 3395 410 3444 eidem
429 3399 460 3444 sl
481 3396 692 3444 sustentscionein
709 3396 861 3445 elericorum
879 3397 972 3444 ibidem
990 3403 1110 3459 perpetuo
1122 3397 1176 3445 Deo
1194 3397 1395 3448 ministrandum

329 3460 459 3520 incumbit,
472 3462 631 3509 concedimus
648 3466 674 3508 et
695 3461 846 3509 conferimus
862 3462 895 3510 sd
912 3461 1048 3510 cotidianas
1059 3461 1251 3512 distribuciones
1268 3463 1394 3512 dictorum

331 3525 483 3574 clericorum
496 3525 618 3574 Ecclesiae
637 3527 669 3574 de
685 3527 776 3574 Sancto
792 3527 896 3588 Sydnio,
907 3531 934 3574 et
949 3527 981 3574 de
995 3529 1087 3576 Sancta
1101 3527 1201 3586 Seuere,
1213 3533 1240 3576 et
1253 3528 1285 3576 de
1303 3529 1396 3577 Sancto

330 3592 435 3649 Gorono,
448 3592 516 3639 etde
529 3593 620 3638 Sancto
634 3591 756 3652 llnodoro,
770 3593 839 3639 etde
857 3592 972 3654 Luudege
984 3607 1043 3640 cum
1054 3592 1106 3640 suis
1121 3591 1227 3654 Capellis
1239 3593 1270 3641 de
1282 3593 1395 3644 Kenwen

329 3657 404 3703 etde
431 3653 661 3718 Tregelalone,1er
682 3671 741 3704 curn
768 3657 888 3704 tredecim
912 3657 974 3704 acris
997 3657 1141 3718 Anglicsnis
1163 3657 1189 3705 in
1206 3657 1330 3722 Glssneys
1352 3674 1397 3721 per

330 3721 449 3782 partitam
461 3721 612 3769 mensuratis
632 3721 664 3768 ad
682 3722 768 3769 domos
785 3726 811 3769 et
827 3721 923 3770 edificio
941 3723 1078 3770 eorundem
1092 3722 1255 3783 elericorum,
1267 3723 1294 3772 in
1306 3739 1397 3786 purum

330 3785 440 3845 liberem,
459 3791 485 3833 et
500 3791 647 3848 perpetuam
665 3787 824 3834 elemosinam
852 3787 967 3834 tenendis
986 3792 1012 3834 et
1029 3787 1184 3849 possidendis
1202 3787 1395 3850 inperpetuum

330 3850 422 3912 quietis
434 3849 466 3897 ab
478 3851 547 3898 omni
558 3851 662 3898 servicio
673 3852 776 3900 seculari
790 3868 795 3910 ;
814 3852 949 3900 statuendo
964 3857 991 3899 et
1006 3852 1144 3900 ordinando
1157 3857 1186 3900 ut
1197 3853 1223 3900 in
1235 3853 1348 3915 quelibet
1358 3868 1397 3914 ex,

332 3915 405 3963 dictis
418 3915 533 3963 Ecclesiis
554 3931 621 3963 unus
633 3916 762 3964 ordinetur
785 3916 899 3964 Vicarius
918 3917 1118 3978 Pcrpetuus,per
1137 3933 1182 3965 nos
1201 3923 1228 3966 et
1246 3933 1398 3966 successores

331 3985 434 4039 nostros,
445 3981 579 4044 Episcopus
589 3981 748 4040 Exonienses,
758 3982 937 4040 instituendus,
949 3997 1035 4030 curam
1046 3983 1124 4044 plebis
1132 3981 1226 4030 habens
1236 3998 1242 4042 ;
1254 3986 1281 4030 et
1290 3981 1399 4045 quilibet

332 4044 358 4092 in
368 4061 414 4092 eun
424 4045 521 4094 Vicurin
529 4045 617 4108 jugem
628 4051 655 4094 et
666 4047 811 4094 continuam
820 4046 912 4095 serviat
923 4046 1087 4095 residencism
1100 4047 1254 4110 personalem
1263 4061 1269 4102 ;
1288 4043 1342 4097 44¹³.

225 4149 552 4236 -Approprecuon
568 4155 603 4232 of
628 4153 674 4218 St.
700 4151 825 4218 Celsen:
850 4152 909 4217 See
925 4151 969 4219 St.
988 4151 1102 4228 dorca,
1118 4151 1183 4220 73¹&

338 4349 345 4381 ¹
365 4352 412 4403 See
423 4352 483 4402 lolio
495 4349 545 4403 36¹³.
981 4352 992 4382 ¹
1008 4353 1188 4419 Tregcvethen,
1197 4353 1273 4406 bodie.
