<?xml version="1.0" encoding="UTF-8"?>
<!DOCTYPE html PUBLIC "-//W3C//DTD XHTML 1.0 Transitional//EN"
    "http://www.w3.org/TR/xhtml1/DTD/xhtml1-transitional.dtd">
<html xmlns="http://www.w3.org/1999/xhtml" xml:lang="en" lang="en">
 <head>
  <title>
</title>
<meta http-equiv="Content-Type" content="text/html;charset=utf-8" />
  <meta name='ocr-system' content='tesseract 3.04.00' />
  <meta name='ocr-capabilities' content='ocr_page ocr_carea ocr_par ocr_line ocrx_word'/>
</head>
<body>
  <div class='ocr_page' id='page_1' title='image "./registerswalter00hinggoog_0333.png"; bbox 0 0 3304 4978; ppageno 0'>
   <div class='ocr_carea' id='block_1_1' title="bbox 714 425 1377 499">
    <p class='ocr_par' dir='ltr' id='par_1_1' title="bbox 714 425 1377 499">
     <span class='ocr_line' id='line_1_1' title="bbox 714 425 1377 499; baseline -0.008 -1"><span class='ocrx_word' id='word_1_1' title='bbox 714 443 928 499; x_wconf 76' lang='lat' dir='ltr'><strong>snennmx.</strong></span> <span class='ocrx_word' id='word_1_2' title='bbox 1308 425 1377 495; x_wconf 83' lang='lat'><strong>291</strong></span> 
     </span>
    </p>
   </div>
   <div class='ocr_carea' id='block_1_2' title="bbox 275 595 1378 2872">
    <p class='ocr_par' dir='ltr' id='par_1_2' title="bbox 285 595 1378 727">
     <span class='ocr_line' id='line_1_2' title="bbox 285 595 1378 663; baseline -0.001 -17"><span class='ocrx_word' id='word_1_3' title='bbox 285 595 367 646; x_wconf 71' lang='lat' dir='ltr'><strong>litere</strong></span> <span class='ocrx_word' id='word_1_4' title='bbox 394 597 530 648; x_wconf 77' lang='lat' dir='ltr'><strong>Theobeldi</strong></span> <span class='ocrx_word' id='word_1_5' title='bbox 555 599 739 662; x_wconf 82' lang='lat' dir='ltr'><strong>Archispiscopi</strong></span> <span class='ocrx_word' id='word_1_6' title='bbox 766 596 792 663; x_wconf 83' lang='lat'><strong>[¹¹</strong></span> <span class='ocrx_word' id='word_1_7' title='bbox 807 603 867 649; x_wconf 78' lang='lat' dir='ltr'><strong>anie</strong></span> <span class='ocrx_word' id='word_1_8' title='bbox 889 599 998 648; x_wconf 73' lang='lat' dir='ltr'><strong>Restm</strong></span> <span class='ocrx_word' id='word_1_9' title='bbox 1023 596 1146 647; x_wconf 72' lang='lat' dir='ltr'><strong>Ehomam</strong></span> <span class='ocrx_word' id='word_1_10' title='bbox 1173 595 1319 646; x_wconf 70' lang='lat' dir='ltr'><strong>immediate</strong></span> <span class='ocrx_word' id='word_1_11' title='bbox 1331 597 1378 633; x_wconf 88' lang='lat'><strong>”-</strong></span> 
     </span>
     <span class='ocr_line' id='line_1_3' title="bbox 317 661 1316 727; baseline 0.001 -16"><span class='ocrx_word' id='word_1_12' title='bbox 317 661 479 724; x_wconf 77' lang='lat' dir='ltr'><strong>Grandissen]</strong></span> <span class='ocrx_word' id='word_1_13' title='bbox 490 665 522 714; x_wconf 91' lang='lat' dir='ltr'><strong>de</strong></span> <span class='ocrx_word' id='word_1_14' title='bbox 534 669 600 714; x_wconf 76' lang='lat' dir='ltr'><strong>lenc</strong></span> <span class='ocrx_word' id='word_1_15' title='bbox 610 680 725 714; x_wconf 82' lang='lat' dir='ltr'><strong>concesse</strong></span> <span class='ocrx_word' id='word_1_16' title='bbox 736 665 761 713; x_wconf 93' lang='lat' dir='ltr'><strong>in</strong></span> <span class='ocrx_word' id='word_1_17' title='bbox 776 665 887 713; x_wconf 83' lang='lat' dir='ltr'><strong>ilsncrio</strong></span> <span class='ocrx_word' id='word_1_18' title='bbox 896 665 928 714; x_wconf 89' lang='lat' dir='ltr'><strong>de</strong></span> <span class='ocrx_word' id='word_1_19' title='bbox 940 663 1072 713; x_wconf 76' lang='lat' dir='ltr'><strong>unliutons</strong></span> <span class='ocrx_word' id='word_1_20' title='bbox 1080 678 1095 711; x_wconf 90' lang='lat' dir='ltr'><strong>a</strong></span> <span class='ocrx_word' id='word_1_21' title='bbox 1104 662 1232 727; x_wconf 81' lang='lat' dir='ltr'><strong>Stephano</strong></span> <span class='ocrx_word' id='word_1_22' title='bbox 1243 663 1316 726; x_wconf 74' lang='lat' dir='ltr'><strong>Rege.</strong></span> 
     </span>
    </p>

    <p class='ocr_par' dir='ltr' id='par_1_3' title="bbox 283 725 1092 794">
     <span class='ocr_line' id='line_1_4' title="bbox 283 725 1092 794; baseline 0.002 -19"><span class='ocrx_word' id='word_1_23' title='bbox 283 725 358 776; x_wconf 71' lang='lat' dir='ltr'><strong>(laras</strong></span> <span class='ocrx_word' id='word_1_24' title='bbox 369 729 471 778; x_wconf 76' lang='lat' dir='ltr'><strong>Robsrti</strong></span> <span class='ocrx_word' id='word_1_25' title='bbox 483 729 599 794; x_wconf 88' lang='lat' dir='ltr'><strong>Episcopi</strong></span> <span class='ocrx_word' id='word_1_26' title='bbox 609 731 642 778; x_wconf 85' lang='lat' dir='ltr'><strong>de</strong></span> <span class='ocrx_word' id='word_1_27' title='bbox 654 729 786 778; x_wconf 76' lang='lat' dir='ltr'><strong>cimiterio</strong></span> <span class='ocrx_word' id='word_1_28' title='bbox 798 729 898 792; x_wconf 79' lang='lat' dir='ltr'><strong>Capella</strong></span> <span class='ocrx_word' id='word_1_29' title='bbox 908 729 940 778; x_wconf 89' lang='lat' dir='ltr'><strong>ds</strong></span> <span class='ocrx_word' id='word_1_30' title='bbox 949 728 1092 791; x_wconf 75' lang='lat' dir='ltr'><strong>Swinbrige.</strong></span> 
     </span>
    </p>

    <p class='ocr_par' dir='ltr' id='par_1_4' title="bbox 283 789 1058 858">
     <span class='ocr_line' id='line_1_5' title="bbox 283 789 1058 858; baseline 0.001 -17"><span class='ocrx_word' id='word_1_31' title='bbox 283 791 446 842; x_wconf 70' lang='lat' dir='ltr'><strong>confirmacio</strong></span> <span class='ocrx_word' id='word_1_32' title='bbox 458 794 560 844; x_wconf 85' lang='lat' dir='ltr'><strong>Haurici</strong></span> <span class='ocrx_word' id='word_1_33' title='bbox 573 794 690 858; x_wconf 78' lang='lat' dir='ltr'><strong>Episcopi</strong></span> <span class='ocrx_word' id='word_1_34' title='bbox 701 795 733 843; x_wconf 88' lang='lat' dir='ltr'><strong>de</strong></span> <span class='ocrx_word' id='word_1_35' title='bbox 748 793 857 844; x_wconf 84' lang='lat' dir='ltr'><strong>Ecclesis</strong></span> <span class='ocrx_word' id='word_1_36' title='bbox 867 795 900 842; x_wconf 89' lang='lat' dir='ltr'><strong>de</strong></span> <span class='ocrx_word' id='word_1_37' title='bbox 911 789 1058 842; x_wconf 88' lang='lat' dir='ltr'><strong>Wodsbire.¹</strong></span> 
     </span>
    </p>

    <p class='ocr_par' dir='ltr' id='par_1_5' title="bbox 283 855 1015 924">
     <span class='ocr_line' id='line_1_6' title="bbox 283 855 1015 924; baseline 0.001 -18"><span class='ocrx_word' id='word_1_38' title='bbox 283 855 358 906; x_wconf 67' lang='lat' dir='ltr'><strong>carta</strong></span> <span class='ocrx_word' id='word_1_39' title='bbox 369 859 538 909; x_wconf 72' lang='lat' dir='ltr'><strong>Bmholomei</strong></span> <span class='ocrx_word' id='word_1_40' title='bbox 552 859 669 924; x_wconf 78' lang='lat' dir='ltr'><strong>Episcopi</strong></span> <span class='ocrx_word' id='word_1_41' title='bbox 680 860 713 909; x_wconf 88' lang='lat' dir='ltr'><strong>de</strong></span> <span class='ocrx_word' id='word_1_42' title='bbox 726 857 836 908; x_wconf 87' lang='lat' dir='ltr'><strong>Ecclesia</strong></span> <span class='ocrx_word' id='word_1_43' title='bbox 846 859 878 908; x_wconf 92' lang='lat' dir='ltr'><strong>de</strong></span> <span class='ocrx_word' id='word_1_44' title='bbox 890 859 1015 908; x_wconf 80' lang='lat' dir='ltr'><strong>Oolebsoc.</strong></span> 
     </span>
    </p>

    <p class='ocr_par' dir='ltr' id='par_1_6' title="bbox 283 921 1370 988">
     <span class='ocr_line' id='line_1_7' title="bbox 283 921 1370 988; baseline 0.003 -19"><span class='ocrx_word' id='word_1_45' title='bbox 283 921 356 984; x_wconf 81' lang='lat' dir='ltr'><strong>nem,</strong></span> <span class='ocrx_word' id='word_1_46' title='bbox 367 923 442 972; x_wconf 78' lang='lat' dir='ltr'><strong>Caria</strong></span> <span class='ocrx_word' id='word_1_47' title='bbox 450 924 620 974; x_wconf 76' lang='lat' dir='ltr'><strong>Bai-tholomei</strong></span> <span class='ocrx_word' id='word_1_48' title='bbox 630 924 746 988; x_wconf 76' lang='lat' dir='ltr'><strong>Episcopi</strong></span> <span class='ocrx_word' id='word_1_49' title='bbox 758 925 790 973; x_wconf 91' lang='lat' dir='ltr'><strong>de</strong></span> <span class='ocrx_word' id='word_1_50' title='bbox 800 924 908 973; x_wconf 75' lang='lat' dir='ltr'><strong>Ecclesia</strong></span> <span class='ocrx_word' id='word_1_51' title='bbox 919 924 951 974; x_wconf 87' lang='lat' dir='ltr'><strong>de</strong></span> <span class='ocrx_word' id='word_1_52' title='bbox 960 921 1087 984; x_wconf 83' lang='lat' dir='ltr'><strong>Oolebroc,</strong></span> <span class='ocrx_word' id='word_1_53' title='bbox 1095 922 1155 974; x_wconf 78' lang='lat' dir='ltr'><strong>daia</strong></span> <span class='ocrx_word' id='word_1_54' title='bbox 1163 923 1194 972; x_wconf 79' lang='lat' dir='ltr'><strong>ed</strong></span> <span class='ocrx_word' id='word_1_55' title='bbox 1204 936 1370 974; x_wconf 82' lang='lat' dir='ltr'><strong>communem.</strong></span> 
     </span>
    </p>

    <p class='ocr_par' dir='ltr' id='par_1_7' title="bbox 283 987 888 1053">
     <span class='ocr_line' id='line_1_8' title="bbox 283 987 888 1053; baseline 0.005 -18"><span class='ocrx_word' id='word_1_56' title='bbox 283 987 358 1036; x_wconf 80' lang='lat' dir='ltr'><strong>Caria</strong></span> <span class='ocrx_word' id='word_1_57' title='bbox 369 989 473 1038; x_wconf 78' lang='lat' dir='ltr'><strong>Roberii</strong></span> <span class='ocrx_word' id='word_1_58' title='bbox 484 989 600 1053; x_wconf 90' lang='lat' dir='ltr'><strong>Episcopi</strong></span> <span class='ocrx_word' id='word_1_59' title='bbox 611 1005 725 1038; x_wconf 71' lang='lat' dir='ltr'><strong>conoessa</strong></span> <span class='ocrx_word' id='word_1_60' title='bbox 754 989 825 1038; x_wconf 83' lang='lat' dir='ltr'><strong>islori</strong></span> <span class='ocrx_word' id='word_1_61' title='bbox 836 1005 888 1039; x_wconf 88' lang='lat' dir='ltr'><strong>suo.</strong></span> 
     </span>
    </p>

    <p class='ocr_par' dir='ltr' id='par_1_8' title="bbox 283 1051 1372 1182">
     <span class='ocr_line' id='line_1_9' title="bbox 283 1051 1372 1118; baseline 0.002 -18"><span class='ocrx_word' id='word_1_62' title='bbox 283 1051 447 1102; x_wconf 73' lang='lat' dir='ltr'><strong>confirmacio</strong></span> <span class='ocrx_word' id='word_1_63' title='bbox 458 1054 581 1104; x_wconf 73' lang='lat' dir='ltr'><strong>iohannis</strong></span> <span class='ocrx_word' id='word_1_64' title='bbox 598 1054 714 1118; x_wconf 88' lang='lat' dir='ltr'><strong>Episcopi</strong></span> <span class='ocrx_word' id='word_1_65' title='bbox 748 1069 762 1103; x_wconf 93' lang='lat' dir='ltr'><strong>e</strong></span> <span class='ocrx_word' id='word_1_66' title='bbox 779 1053 896 1103; x_wconf 86' lang='lat' dir='ltr'><strong>domibus</strong></span> <span class='ocrx_word' id='word_1_67' title='bbox 912 1057 939 1102; x_wconf 77' lang='lat' dir='ltr'><strong>ei</strong></span> <span class='ocrx_word' id='word_1_68' title='bbox 955 1057 1022 1102; x_wconf 83' lang='lat' dir='ltr'><strong>tem</strong></span> <span class='ocrx_word' id='word_1_69' title='bbox 1038 1067 1101 1116; x_wconf 86' lang='lat' dir='ltr'><strong>quas</strong></span> <span class='ocrx_word' id='word_1_70' title='bbox 1117 1053 1243 1103; x_wconf 68' lang='lat' dir='ltr'><strong>dederunt</strong></span> <span class='ocrx_word' id='word_1_71' title='bbox 1254 1052 1372 1118; x_wconf 73' lang='lat' dir='ltr'><strong>capitulo</strong></span> 
     </span>
     <span class='ocr_line' id='line_1_10' title="bbox 314 1116 1239 1182; baseline 0.004 -17"><span class='ocrx_word' id='word_1_72' title='bbox 314 1116 423 1167; x_wconf 80' lang='lat' dir='ltr'><strong>Thomas</strong></span> <span class='ocrx_word' id='word_1_73' title='bbox 433 1124 460 1168; x_wconf 80' lang='lat' dir='ltr'><strong>et</strong></span> <span class='ocrx_word' id='word_1_74' title='bbox 471 1119 561 1168; x_wconf 75' lang='lat' dir='ltr'><strong>Petrus</strong></span> <span class='ocrx_word' id='word_1_75' title='bbox 572 1119 617 1168; x_wconf 84' lang='lat' dir='ltr'><strong>lilii</strong></span> <span class='ocrx_word' id='word_1_76' title='bbox 628 1119 727 1169; x_wconf 79' lang='lat' dir='ltr'><strong>Ricardi</strong></span> <span class='ocrx_word' id='word_1_77' title='bbox 741 1134 748 1180; x_wconf 74' lang='grc' dir='ltr'>ς</span> <span class='ocrx_word' id='word_1_78' title='bbox 765 1133 816 1182; x_wconf 86' lang='lat' dir='ltr'><strong>que</strong></span> <span class='ocrx_word' id='word_1_79' title='bbox 827 1123 866 1168; x_wconf 74' lang='lat' dir='ltr'><strong>est</strong></span> <span class='ocrx_word' id='word_1_80' title='bbox 875 1118 951 1182; x_wconf 70' lang='lat' dir='ltr'><strong>juxis</strong></span> <span class='ocrx_word' id='word_1_81' title='bbox 961 1119 1066 1168; x_wconf 86' lang='lat' dir='ltr'><strong>domum</strong></span> <span class='ocrx_word' id='word_1_82' title='bbox 1078 1119 1239 1169; x_wconf 78' lang='lat' dir='ltr'><strong>Pmcenioris</strong></span> 
     </span>
    </p>

    <p class='ocr_par' dir='ltr' id='par_1_9' title="bbox 282 1181 1003 1248">
     <span class='ocr_line' id='line_1_11' title="bbox 282 1181 1003 1248; baseline 0.001 -18"><span class='ocrx_word' id='word_1_83' title='bbox 282 1181 357 1231; x_wconf 80' lang='lat' dir='ltr'><strong>(laria</strong></span> <span class='ocrx_word' id='word_1_84' title='bbox 368 1183 490 1233; x_wconf 61' lang='lat' dir='ltr'><strong>«Iohannis</strong></span> <span class='ocrx_word' id='word_1_85' title='bbox 500 1184 616 1248; x_wconf 81' lang='lat' dir='ltr'><strong>Episcopi</strong></span> <span class='ocrx_word' id='word_1_86' title='bbox 627 1187 659 1234; x_wconf 88' lang='lat' dir='ltr'><strong>ds</strong></span> <span class='ocrx_word' id='word_1_87' title='bbox 671 1184 780 1233; x_wconf 78' lang='lat' dir='ltr'><strong>Ecclesia</strong></span> <span class='ocrx_word' id='word_1_88' title='bbox 791 1184 822 1232; x_wconf 88' lang='lat' dir='ltr'><strong>de</strong></span> <span class='ocrx_word' id='word_1_89' title='bbox 834 1183 1003 1246; x_wconf 77' lang='lat' dir='ltr'><strong>Ohudeleghe.</strong></span> 
     </span>
    </p>

    <p class='ocr_par' dir='ltr' id='par_1_10' title="bbox 282 1246 1367 1364">
     <span class='ocr_line' id='line_1_12' title="bbox 282 1246 1367 1313; baseline 0.003 -18"><span class='ocrx_word' id='word_1_90' title='bbox 282 1246 356 1296; x_wconf 78' lang='lat' dir='ltr'><strong>Caria</strong></span> <span class='ocrx_word' id='word_1_91' title='bbox 369 1246 472 1298; x_wconf 83' lang='lat' dir='ltr'><strong>ilenrici</strong></span> <span class='ocrx_word' id='word_1_92' title='bbox 481 1246 611 1313; x_wconf 77' lang='lat' dir='ltr'><strong>[Mamhal]</strong></span> <span class='ocrx_word' id='word_1_93' title='bbox 622 1249 739 1313; x_wconf 88' lang='lat' dir='ltr'><strong>Episcopi</strong></span> <span class='ocrx_word' id='word_1_94' title='bbox 748 1249 779 1297; x_wconf 87' lang='lat' dir='ltr'><strong>de</strong></span> <span class='ocrx_word' id='word_1_95' title='bbox 791 1248 963 1312; x_wconf 75' lang='lat' dir='ltr'><strong>jurisdictione</strong></span> <span class='ocrx_word' id='word_1_96' title='bbox 973 1247 1084 1312; x_wconf 72' lang='lat' dir='ltr'><strong>Capituli</strong></span> <span class='ocrx_word' id='word_1_97' title='bbox 1091 1248 1118 1298; x_wconf 87' lang='lat' dir='ltr'><strong>in</strong></span> <span class='ocrx_word' id='word_1_98' title='bbox 1127 1247 1235 1312; x_wconf 78' lang='lat' dir='ltr'><strong>Capellis</strong></span> <span class='ocrx_word' id='word_1_99' title='bbox 1244 1247 1367 1298; x_wconf 82' lang='lat' dir='ltr'><strong>Exonien·</strong></span> 
     </span>
     <span class='ocr_line' id='line_1_13' title="bbox 313 1311 815 1364; baseline 0.002 -3"><span class='ocrx_word' id='word_1_100' title='bbox 313 1311 382 1362; x_wconf 67' lang='lat' dir='ltr'><strong>sibu-s</strong></span> <span class='ocrx_word' id='word_1_101' title='bbox 393 1313 420 1362; x_wconf 90' lang='lat' dir='ltr'><strong>in</strong></span> <span class='ocrx_word' id='word_1_102' title='bbox 433 1313 541 1364; x_wconf 64' lang='lat' dir='ltr'><strong>civitate</strong></span> <span class='ocrx_word' id='word_1_103' title='bbox 553 1314 689 1364; x_wconf 87' lang='lat' dir='ltr'><strong>Exoniensi</strong></span> <span class='ocrx_word' id='word_1_104' title='bbox 700 1318 727 1362; x_wconf 80' lang='lat' dir='ltr'><strong>el</strong></span> <span class='ocrx_word' id='word_1_105' title='bbox 738 1319 815 1363; x_wconf 72' lang='lat' dir='ltr'><strong>exara.</strong></span> 
     </span>
    </p>

    <p class='ocr_par' dir='ltr' id='par_1_11' title="bbox 281 1376 1367 1442">
     <span class='ocr_line' id='line_1_14' title="bbox 281 1376 1367 1442; baseline 0.002 -16"><span class='ocrx_word' id='word_1_106' title='bbox 281 1376 363 1438; x_wconf 79' lang='lat' dir='ltr'><strong>Garis,</strong></span> <span class='ocrx_word' id='word_1_107' title='bbox 376 1379 479 1428; x_wconf 76' lang='lat' dir='ltr'><strong>Rebas-E</strong></span> <span class='ocrx_word' id='word_1_108' title='bbox 492 1379 607 1442; x_wconf 86' lang='lat' dir='ltr'><strong>Episcopi</strong></span> <span class='ocrx_word' id='word_1_109' title='bbox 618 1380 650 1428; x_wconf 87' lang='lat' dir='ltr'><strong>de</strong></span> <span class='ocrx_word' id='word_1_110' title='bbox 661 1378 771 1427; x_wconf 74' lang='lat' dir='ltr'><strong>Manes-io</strong></span> <span class='ocrx_word' id='word_1_111' title='bbox 783 1378 815 1427; x_wconf 86' lang='lat' dir='ltr'><strong>de</strong></span> <span class='ocrx_word' id='word_1_112' title='bbox 826 1377 898 1438; x_wconf 81' lang='lat' dir='ltr'><strong>liele,</strong></span> <span class='ocrx_word' id='word_1_113' title='bbox 910 1393 1024 1427; x_wconf 85' lang='lat' dir='ltr'><strong>concesso</strong></span> <span class='ocrx_word' id='word_1_114' title='bbox 1034 1392 1167 1427; x_wconf 91' lang='lat' dir='ltr'><strong>commune</strong></span> <span class='ocrx_word' id='word_1_115' title='bbox 1177 1377 1367 1428; x_wconf 76' lang='lat' dir='ltr'><strong>canonicorum.</strong></span> 
     </span>
    </p>

    <p class='ocr_par' dir='ltr' id='par_1_12' title="bbox 282 1441 1317 1507">
     <span class='ocr_line' id='line_1_15' title="bbox 282 1441 1317 1507; baseline 0.004 -17"><span class='ocrx_word' id='word_1_116' title='bbox 282 1441 357 1491; x_wconf 83' lang='lat' dir='ltr'><strong>Carta</strong></span> <span class='ocrx_word' id='word_1_117' title='bbox 366 1443 468 1493; x_wconf 80' lang='lat' dir='ltr'><strong>Heuiici</strong></span> <span class='ocrx_word' id='word_1_118' title='bbox 480 1443 610 1507; x_wconf 80' lang='lat' dir='ltr'><strong>[Marshel]</strong></span> <span class='ocrx_word' id='word_1_119' title='bbox 619 1443 735 1507; x_wconf 86' lang='lat' dir='ltr'><strong>Episcopi</strong></span> <span class='ocrx_word' id='word_1_120' title='bbox 746 1444 777 1492; x_wconf 89' lang='lat' dir='ltr'><strong>de</strong></span> <span class='ocrx_word' id='word_1_121' title='bbox 788 1458 923 1492; x_wconf 89' lang='lat' dir='ltr'><strong>commnna</strong></span> <span class='ocrx_word' id='word_1_122' title='bbox 933 1459 1047 1492; x_wconf 83' lang='lat' dir='ltr'><strong>concessa</strong></span> <span class='ocrx_word' id='word_1_123' title='bbox 1059 1443 1154 1506; x_wconf 72' lang='lat' dir='ltr'><strong>aegero</strong></span> <span class='ocrx_word' id='word_1_124' title='bbox 1165 1443 1198 1492; x_wconf 87' lang='lat' dir='ltr'><strong>de</strong></span> <span class='ocrx_word' id='word_1_125' title='bbox 1209 1443 1317 1494; x_wconf 79' lang='lat' dir='ltr'><strong>Sildone.</strong></span> 
     </span>
    </p>

    <p class='ocr_par' dir='ltr' id='par_1_13' title="bbox 281 1506 1273 1570">
     <span class='ocr_line' id='line_1_16' title="bbox 281 1506 1273 1570; baseline 0 -14"><span class='ocrx_word' id='word_1_126' title='bbox 281 1506 357 1556; x_wconf 78' lang='lat' dir='ltr'><strong>Carta</strong></span> <span class='ocrx_word' id='word_1_127' title='bbox 367 1509 399 1556; x_wconf 91' lang='lat' dir='ltr'><strong>de</strong></span> <span class='ocrx_word' id='word_1_128' title='bbox 410 1507 484 1558; x_wconf 83' lang='lat' dir='ltr'><strong>firma</strong></span> <span class='ocrx_word' id='word_1_129' title='bbox 494 1510 652 1569; x_wconf 67' lang='lat' dir='ltr'><strong>consessui„</strong></span> <span class='ocrx_word' id='word_1_130' title='bbox 664 1508 852 1568; x_wconf 73' lang='lat' dir='ltr'><strong>archidiacono,</strong></span> <span class='ocrx_word' id='word_1_131' title='bbox 863 1508 895 1556; x_wconf 85' lang='lat' dir='ltr'><strong>de</strong></span> <span class='ocrx_word' id='word_1_132' title='bbox 907 1509 1103 1570; x_wconf 76' lang='lat' dir='ltr'><strong>Banlone-qne</strong></span> <span class='ocrx_word' id='word_1_133' title='bbox 1114 1507 1273 1558; x_wconf 81' lang='lat' dir='ltr'><strong>cancelletur.</strong></span> 
     </span>
    </p>

    <p class='ocr_par' dir='ltr' id='par_1_14' title="bbox 279 1570 1368 1688">
     <span class='ocr_line' id='line_1_17' title="bbox 279 1570 1368 1688; baseline -0.001 -65"><span class='ocrx_word' id='word_1_134' title='bbox 279 1570 441 1687; x_wconf 48' lang='lat' dir='ltr'><strong>(iocnpposlilciod</strong></span> <span class='ocrx_word' id='word_1_135' title='bbox 448 1574 665 1688; x_wconf 50' lang='lat' dir='ltr'><strong>inffll&#39;iffl</strong></span> <span class='ocrx_word' id='word_1_136' title='bbox 680 1577 705 1623; x_wconf 84' lang='lat' dir='ltr'><strong>et</strong></span> <span class='ocrx_word' id='word_1_137' title='bbox 723 1573 841 1637; x_wconf 71' lang='lat' dir='ltr'><strong>capitula</strong></span> <span class='ocrx_word' id='word_1_138' title='bbox 857 1573 953 1623; x_wconf 86' lang='lat' dir='ltr'><strong>Exonie</strong></span> <span class='ocrx_word' id='word_1_139' title='bbox 969 1577 996 1622; x_wconf 80' lang='lat' dir='ltr'><strong>st</strong></span> <span class='ocrx_word' id='word_1_140' title='bbox 1012 1572 1130 1624; x_wconf 76' lang='lat' dir='ltr'><strong>ciccsnie</strong></span> <span class='ocrx_word' id='word_1_141' title='bbox 1146 1573 1178 1623; x_wconf 88' lang='lat' dir='ltr'><strong>ds</strong></span> <span class='ocrx_word' id='word_1_142' title='bbox 1193 1572 1368 1638; x_wconf 81' lang='lat' dir='ltr'><strong>jurisdiclione</strong></span> 
     </span>
    </p>

    <p class='ocr_par' dir='ltr' id='par_1_15' title="bbox 333 1653 595 1701">
     <span class='ocr_line' id='line_1_18' title="bbox 333 1653 595 1701; baseline 0.015 -16"><span class='ocrx_word' id='word_1_143' title='bbox 333 1653 380 1701; x_wconf 88' lang='lat' dir='ltr'><strong>ape</strong></span> <span class='ocrx_word' id='word_1_144' title='bbox 399 1654 413 1687; x_wconf 93' lang='lat' dir='ltr'><strong>s</strong></span> <span class='ocrx_word' id='word_1_145' title='bbox 441 1654 455 1688; x_wconf 88' lang='lat' dir='ltr'><strong>e</strong></span> <span class='ocrx_word' id='word_1_146' title='bbox 563 1655 595 1689; x_wconf 82' lang='lat' dir='ltr'><strong>m.</strong></span> 
     </span>
    </p>

    <p class='ocr_par' dir='ltr' id='par_1_16' title="bbox 279 1701 979 1768">
     <span class='ocr_line' id='line_1_19' title="bbox 279 1701 979 1768; baseline 0 -17"><span class='ocrx_word' id='word_1_147' title='bbox 279 1701 354 1751; x_wconf 81' lang='lat' dir='ltr'><strong>Caria</strong></span> <span class='ocrx_word' id='word_1_148' title='bbox 365 1701 488 1753; x_wconf 72' lang='lat' dir='ltr'><strong>iohannis</strong></span> <span class='ocrx_word' id='word_1_149' title='bbox 500 1703 522 1753; x_wconf 90' lang='lat' dir='ltr'><strong>E</strong></span> <span class='ocrx_word' id='word_1_150' title='bbox 539 1703 615 1768; x_wconf 87' lang='lat' dir='ltr'><strong>iscopi</strong></span> <span class='ocrx_word' id='word_1_151' title='bbox 626 1704 658 1752; x_wconf 89' lang='lat' dir='ltr'><strong>de</strong></span> <span class='ocrx_word' id='word_1_152' title='bbox 669 1701 779 1753; x_wconf 75' lang='lat' dir='ltr'><strong>Ecclesia</strong></span> <span class='ocrx_word' id='word_1_153' title='bbox 789 1703 821 1752; x_wconf 87' lang='lat' dir='ltr'><strong>ds</strong></span> <span class='ocrx_word' id='word_1_154' title='bbox 832 1703 979 1766; x_wconf 78' lang='lat' dir='ltr'><strong>Asperions.</strong></span> 
     </span>
    </p>

    <p class='ocr_par' dir='ltr' id='par_1_17' title="bbox 278 1765 1255 1832">
     <span class='ocr_line' id='line_1_20' title="bbox 278 1765 1255 1832; baseline 0.002 -17"><span class='ocrx_word' id='word_1_155' title='bbox 278 1765 409 1825; x_wconf 86' lang='lat' dir='ltr'><strong>Quomodo</strong></span> <span class='ocrx_word' id='word_1_156' title='bbox 420 1769 477 1832; x_wconf 71' lang='lat' dir='ltr'><strong>eligi</strong></span> <span class='ocrx_word' id='word_1_157' title='bbox 488 1769 520 1818; x_wconf 88' lang='lat' dir='ltr'><strong>de</strong></span> <span class='ocrx_word' id='word_1_158' title='bbox 590 1769 728 1831; x_wconf 83' lang='lat' dir='ltr'><strong>Episcopus</strong></span> <span class='ocrx_word' id='word_1_159' title='bbox 739 1769 886 1818; x_wconf 82' lang='lat' dir='ltr'><strong>Exoniensis</strong></span> <span class='ocrx_word' id='word_1_160' title='bbox 897 1783 911 1816; x_wconf 85' lang='lat' dir='ltr'><strong>e</strong></span> <span class='ocrx_word' id='word_1_161' title='bbox 923 1767 1053 1817; x_wconf 74' lang='lat' dir='ltr'><strong>(laconicis</strong></span> <span class='ocrx_word' id='word_1_162' title='bbox 1066 1766 1255 1817; x_wconf 82' lang='lat' dir='ltr'><strong>Exoniensibua</strong></span> 
     </span>
    </p>

    <p class='ocr_par' dir='ltr' id='par_1_18' title="bbox 277 1831 1321 1897">
     <span class='ocr_line' id='line_1_21' title="bbox 277 1831 1321 1897; baseline 0.001 -16"><span class='ocrx_word' id='word_1_163' title='bbox 277 1831 353 1881; x_wconf 80' lang='lat' dir='ltr'><strong>Carta</strong></span> <span class='ocrx_word' id='word_1_164' title='bbox 364 1833 467 1884; x_wconf 73' lang='lat' dir='ltr'><strong>lichenii</strong></span> <span class='ocrx_word' id='word_1_165' title='bbox 474 1833 590 1897; x_wconf 88' lang='lat' dir='ltr'><strong>Episcopi</strong></span> <span class='ocrx_word' id='word_1_166' title='bbox 601 1834 633 1882; x_wconf 89' lang='lat' dir='ltr'><strong>de</strong></span> <span class='ocrx_word' id='word_1_167' title='bbox 643 1839 710 1882; x_wconf 84' lang='lat' dir='ltr'><strong>terra</strong></span> <span class='ocrx_word' id='word_1_168' title='bbox 721 1833 843 1882; x_wconf 83' lang='lat' dir='ltr'><strong>ledwini</strong></span> <span class='ocrx_word' id='word_1_169' title='bbox 854 1834 886 1882; x_wconf 90' lang='lat' dir='ltr'><strong>de</strong></span> <span class='ocrx_word' id='word_1_170' title='bbox 897 1833 1023 1894; x_wconf 74' lang='lat' dir='ltr'><strong>wintone,</strong></span> <span class='ocrx_word' id='word_1_171' title='bbox 1037 1833 1155 1883; x_wconf 64' lang='lat' dir='ltr'><strong>canonici</strong></span> <span class='ocrx_word' id='word_1_172' title='bbox 1168 1833 1321 1882; x_wconf 79' lang='lat' dir='ltr'><strong>Exonisnsis</strong></span> 
     </span>
    </p>

    <p class='ocr_par' dir='ltr' id='par_1_19' title="bbox 277 1895 1104 1962">
     <span class='ocr_line' id='line_1_22' title="bbox 277 1895 1104 1962; baseline 0.001 -17"><span class='ocrx_word' id='word_1_173' title='bbox 277 1896 353 1946; x_wconf 77' lang='lat' dir='ltr'><strong>Caria</strong></span> <span class='ocrx_word' id='word_1_174' title='bbox 365 1898 467 1948; x_wconf 80' lang='lat' dir='ltr'><strong>Henrici</strong></span> <span class='ocrx_word' id='word_1_175' title='bbox 476 1895 609 1962; x_wconf 74' lang='lat' dir='ltr'><strong>llisrshal]</strong></span> <span class='ocrx_word' id='word_1_176' title='bbox 621 1898 737 1962; x_wconf 85' lang='lat' dir='ltr'><strong>Episcopi</strong></span> <span class='ocrx_word' id='word_1_177' title='bbox 748 1899 780 1946; x_wconf 90' lang='lat' dir='ltr'><strong>de</strong></span> <span class='ocrx_word' id='word_1_178' title='bbox 791 1898 913 1947; x_wconf 90' lang='lat' dir='ltr'><strong>Pensione</strong></span> <span class='ocrx_word' id='word_1_179' title='bbox 929 1897 1016 1948; x_wconf 75' lang='lat' dir='ltr'><strong>Sancti</strong></span> <span class='ocrx_word' id='word_1_180' title='bbox 1027 1897 1045 1946; x_wconf 85' lang='lat' dir='ltr'><strong>J</strong></span> <span class='ocrx_word' id='word_1_181' title='bbox 1047 1897 1104 1947; x_wconf 76' lang='lat' dir='ltr'><strong>usti.</strong></span> 
     </span>
    </p>

    <p class='ocr_par' dir='ltr' id='par_1_20' title="bbox 278 1959 1364 2028">
     <span class='ocr_line' id='line_1_23' title="bbox 278 1959 1364 2028; baseline 0.003 -19"><span class='ocrx_word' id='word_1_182' title='bbox 278 1961 435 2025; x_wconf 82' lang='lat' dir='ltr'><strong>Composicio</strong></span> <span class='ocrx_word' id='word_1_183' title='bbox 446 1964 549 2014; x_wconf 85' lang='lat' dir='ltr'><strong>Henrioi</strong></span> <span class='ocrx_word' id='word_1_184' title='bbox 560 1963 676 2028; x_wconf 86' lang='lat' dir='ltr'><strong>Episcopi</strong></span> <span class='ocrx_word' id='word_1_185' title='bbox 687 1967 714 2012; x_wconf 75' lang='lat' dir='ltr'><strong>el</strong></span> <span class='ocrx_word' id='word_1_186' title='bbox 731 1963 823 2012; x_wconf 85' lang='lat' dir='ltr'><strong>Prioris</strong></span> <span class='ocrx_word' id='word_1_187' title='bbox 834 1963 866 2012; x_wconf 86' lang='lat' dir='ltr'><strong>de</strong></span> <span class='ocrx_word' id='word_1_188' title='bbox 878 1962 995 2012; x_wconf 73' lang='lat' dir='ltr'><strong>Belmins</strong></span> <span class='ocrx_word' id='word_1_189' title='bbox 1006 1963 1038 2012; x_wconf 89' lang='lat' dir='ltr'><strong>ds</strong></span> <span class='ocrx_word' id='word_1_190' title='bbox 1055 1961 1164 2012; x_wconf 83' lang='lat' dir='ltr'><strong>Ecclesia</strong></span> <span class='ocrx_word' id='word_1_191' title='bbox 1175 1961 1207 2011; x_wconf 83' lang='lat' dir='ltr'><strong>de</strong></span> <span class='ocrx_word' id='word_1_192' title='bbox 1224 1959 1364 2026; x_wconf 71' lang='lat' dir='ltr'><strong>liglosssil.¹</strong></span> 
     </span>
    </p>

    <p class='ocr_par' dir='ltr' id='par_1_21' title="bbox 278 2025 1366 2157">
     <span class='ocr_line' id='line_1_24' title="bbox 278 2025 1366 2092; baseline 0.004 -18"><span class='ocrx_word' id='word_1_193' title='bbox 278 2025 354 2076; x_wconf 79' lang='lat' dir='ltr'><strong>Carta</strong></span> <span class='ocrx_word' id='word_1_194' title='bbox 372 2028 474 2077; x_wconf 80' lang='lat' dir='ltr'><strong>Hem-ici</strong></span> <span class='ocrx_word' id='word_1_195' title='bbox 490 2027 621 2092; x_wconf 85' lang='lat' dir='ltr'><strong>[Marshal]</strong></span> <span class='ocrx_word' id='word_1_196' title='bbox 641 2027 758 2092; x_wconf 85' lang='lat' dir='ltr'><strong>Episcopi</strong></span> <span class='ocrx_word' id='word_1_197' title='bbox 779 2033 806 2077; x_wconf 76' lang='lat' dir='ltr'><strong>sl</strong></span> <span class='ocrx_word' id='word_1_198' title='bbox 826 2027 938 2092; x_wconf 69' lang='lat' dir='ltr'><strong>capituli</strong></span> <span class='ocrx_word' id='word_1_199' title='bbox 960 2027 1116 2090; x_wconf 82' lang='lat' dir='ltr'><strong>Exonisnsis‚</strong></span> <span class='ocrx_word' id='word_1_200' title='bbox 1134 2027 1204 2092; x_wconf 87' lang='lat' dir='ltr'><strong>quod</strong></span> <span class='ocrx_word' id='word_1_201' title='bbox 1226 2027 1366 2078; x_wconf 78' lang='lat' dir='ltr'><strong>canonicus</strong></span> 
     </span>
     <span class='ocr_line' id='line_1_25' title="bbox 308 2091 875 2157; baseline 0.004 -17"><span class='ocrx_word' id='word_1_202' title='bbox 308 2091 430 2143; x_wconf 87' lang='lat' dir='ltr'><strong>decedens</strong></span> <span class='ocrx_word' id='word_1_203' title='bbox 441 2093 520 2157; x_wconf 69' lang='lat' dir='ltr'><strong>possit</strong></span> <span class='ocrx_word' id='word_1_204' title='bbox 531 2108 692 2144; x_wconf 80' lang='lat' dir='ltr'><strong>communem</strong></span> <span class='ocrx_word' id='word_1_205' title='bbox 703 2107 775 2142; x_wconf 87' lang='lat' dir='ltr'><strong>suam</strong></span> <span class='ocrx_word' id='word_1_206' title='bbox 786 2093 875 2155; x_wconf 71' lang='lat' dir='ltr'><strong>legare.</strong></span> 
     </span>
    </p>

    <p class='ocr_par' dir='ltr' id='par_1_22' title="bbox 278 2154 1025 2208">
     <span class='ocr_line' id='line_1_26' title="bbox 278 2154 1025 2208; baseline 0.001 -2"><span class='ocrx_word' id='word_1_207' title='bbox 278 2154 353 2206; x_wconf 75' lang='lat' dir='ltr'><strong>carn</strong></span> <span class='ocrx_word' id='word_1_208' title='bbox 365 2158 471 2208; x_wconf 78' lang='lat' dir='ltr'><strong>Abbatis</strong></span> <span class='ocrx_word' id='word_1_209' title='bbox 482 2159 514 2208; x_wconf 88' lang='lat' dir='ltr'><strong>de</strong></span> <span class='ocrx_word' id='word_1_210' title='bbox 524 2158 594 2207; x_wconf 88' lang='lat' dir='ltr'><strong>Bello</strong></span> <span class='ocrx_word' id='word_1_211' title='bbox 605 2159 637 2207; x_wconf 90' lang='lat' dir='ltr'><strong>de</strong></span> <span class='ocrx_word' id='word_1_212' title='bbox 649 2157 776 2206; x_wconf 82' lang='lat' dir='ltr'><strong>Monechis</strong></span> <span class='ocrx_word' id='word_1_213' title='bbox 788 2157 874 2208; x_wconf 76' lang='lat' dir='ltr'><strong>Sancti</strong></span> <span class='ocrx_word' id='word_1_214' title='bbox 885 2155 1006 2208; x_wconf 80' lang='lat' dir='ltr'><strong>Nicliolai</strong></span> <span class='ocrx_word' id='word_1_215' title='bbox 1023 2157 1025 2160; x_wconf 78' lang='grc'><strong>’</strong></span> 
     </span>
    </p>

    <p class='ocr_par' dir='ltr' id='par_1_23' title="bbox 278 2220 1297 2286">
     <span class='ocr_line' id='line_1_27' title="bbox 278 2220 1297 2286; baseline 0.002 -17"><span class='ocrx_word' id='word_1_216' title='bbox 278 2220 432 2286; x_wconf 80' lang='lat' dir='ltr'><strong>Composicio</strong></span> <span class='ocrx_word' id='word_1_217' title='bbox 442 2224 509 2273; x_wconf 74' lang='lat' dir='ltr'><strong>inter</strong></span> <span class='ocrx_word' id='word_1_218' title='bbox 519 2223 656 2272; x_wconf 83' lang='lat' dir='ltr'><strong>Esuricum</strong></span> <span class='ocrx_word' id='word_1_219' title='bbox 668 2221 798 2284; x_wconf 80' lang='lat' dir='ltr'><strong>[Mai-shel]</strong></span> <span class='ocrx_word' id='word_1_220' title='bbox 810 2222 963 2286; x_wconf 88' lang='lat' dir='ltr'><strong>Episcopum</strong></span> <span class='ocrx_word' id='word_1_221' title='bbox 973 2226 1000 2271; x_wconf 74' lang='lat' dir='ltr'><strong>ei</strong></span> <span class='ocrx_word' id='word_1_222' title='bbox 1011 2221 1121 2271; x_wconf 83' lang='lat' dir='ltr'><strong>Priorem</strong></span> <span class='ocrx_word' id='word_1_223' title='bbox 1133 2221 1165 2271; x_wconf 88' lang='lat' dir='ltr'><strong>de</strong></span> <span class='ocrx_word' id='word_1_224' title='bbox 1174 2221 1297 2272; x_wconf 73' lang='lat' dir='ltr'><strong>Boimine</strong></span> 
     </span>
    </p>

    <p class='ocr_par' dir='ltr' id='par_1_24' title="bbox 277 2285 1238 2352">
     <span class='ocr_line' id='line_1_28' title="bbox 277 2285 1238 2352; baseline -0.001 -16"><span class='ocrx_word' id='word_1_225' title='bbox 277 2285 353 2336; x_wconf 80' lang='lat' dir='ltr'><strong>Caria</strong></span> <span class='ocrx_word' id='word_1_226' title='bbox 364 2288 533 2338; x_wconf 79' lang='lat' dir='ltr'><strong>Bartholomei</strong></span> <span class='ocrx_word' id='word_1_227' title='bbox 545 2287 660 2352; x_wconf 88' lang='lat' dir='ltr'><strong>Episcopi</strong></span> <span class='ocrx_word' id='word_1_228' title='bbox 671 2289 703 2337; x_wconf 92' lang='lat' dir='ltr'><strong>de</strong></span> <span class='ocrx_word' id='word_1_229' title='bbox 715 2287 911 2338; x_wconf 73' lang='lat' dir='ltr'><strong>confirmacione</strong></span> <span class='ocrx_word' id='word_1_230' title='bbox 922 2287 1031 2336; x_wconf 88' lang='lat' dir='ltr'><strong>Ecclesie</strong></span> <span class='ocrx_word' id='word_1_231' title='bbox 1042 2286 1129 2338; x_wconf 80' lang='lat' dir='ltr'><strong>Sancti</strong></span> <span class='ocrx_word' id='word_1_232' title='bbox 1140 2287 1238 2337; x_wconf 80' lang='lat' dir='ltr'><strong>Persai.</strong></span> 
     </span>
    </p>

    <p class='ocr_par' dir='ltr' id='par_1_25' title="bbox 276 2347 1005 2418">
     <span class='ocr_line' id='line_1_29' title="bbox 276 2347 1005 2418; baseline 0 -18"><span class='ocrx_word' id='word_1_233' title='bbox 276 2347 355 2402; x_wconf 68' lang='lat' dir='ltr'><strong>cana</strong></span> <span class='ocrx_word' id='word_1_234' title='bbox 366 2353 469 2404; x_wconf 76' lang='lat' dir='ltr'><strong>Roberli</strong></span> <span class='ocrx_word' id='word_1_235' title='bbox 481 2353 596 2418; x_wconf 90' lang='lat' dir='ltr'><strong>Episcopi</strong></span> <span class='ocrx_word' id='word_1_236' title='bbox 607 2354 639 2402; x_wconf 91' lang='lat' dir='ltr'><strong>de</strong></span> <span class='ocrx_word' id='word_1_237' title='bbox 650 2358 718 2402; x_wconf 75' lang='lat' dir='ltr'><strong>tem</strong></span> <span class='ocrx_word' id='word_1_238' title='bbox 728 2368 842 2402; x_wconf 86' lang='lat' dir='ltr'><strong>concessa</strong></span> <span class='ocrx_word' id='word_1_239' title='bbox 853 2352 940 2416; x_wconf 73' lang='lat' dir='ltr'><strong>pistori</strong></span> <span class='ocrx_word' id='word_1_240' title='bbox 951 2367 1005 2401; x_wconf 88' lang='lat' dir='ltr'><strong>suo.</strong></span> 
     </span>
    </p>

    <p class='ocr_par' dir='ltr' id='par_1_26' title="bbox 276 2415 1093 2482">
     <span class='ocr_line' id='line_1_30' title="bbox 276 2415 1093 2482; baseline 0.001 -18"><span class='ocrx_word' id='word_1_241' title='bbox 276 2415 352 2467; x_wconf 75' lang='lat' dir='ltr'><strong>casu</strong></span> <span class='ocrx_word' id='word_1_242' title='bbox 363 2419 467 2468; x_wconf 76' lang='lat' dir='ltr'><strong>Roborti</strong></span> <span class='ocrx_word' id='word_1_243' title='bbox 478 2418 595 2482; x_wconf 87' lang='lat' dir='ltr'><strong>Episcopi</strong></span> <span class='ocrx_word' id='word_1_244' title='bbox 604 2419 636 2467; x_wconf 89' lang='lat' dir='ltr'><strong>de</strong></span> <span class='ocrx_word' id='word_1_245' title='bbox 649 2417 763 2466; x_wconf 86' lang='lat' dir='ltr'><strong>Ecclesiis</strong></span> <span class='ocrx_word' id='word_1_246' title='bbox 775 2417 847 2466; x_wconf 68' lang='lat' dir='ltr'><strong>Bessi</strong></span> <span class='ocrx_word' id='word_1_247' title='bbox 860 2417 926 2466; x_wconf 77' lang='lat' dir='ltr'><strong>Psin&#39;</strong></span> <span class='ocrx_word' id='word_1_248' title='bbox 939 2416 1093 2466; x_wconf 81' lang='lat' dir='ltr'><strong>Exoniensis</strong></span> 
     </span>
    </p>

    <p class='ocr_par' dir='ltr' id='par_1_27' title="bbox 277 2477 1178 2548">
     <span class='ocr_line' id='line_1_31' title="bbox 277 2477 1178 2548; baseline 0.002 -20"><span class='ocrx_word' id='word_1_249' title='bbox 277 2480 352 2533; x_wconf 75' lang='lat' dir='ltr'><strong>usna</strong></span> <span class='ocrx_word' id='word_1_250' title='bbox 362 2484 485 2534; x_wconf 83' lang='lat' dir='ltr'><strong>Johsnnis</strong></span> <span class='ocrx_word' id='word_1_251' title='bbox 497 2483 613 2548; x_wconf 88' lang='lat' dir='ltr'><strong>Episcopi</strong></span> <span class='ocrx_word' id='word_1_252' title='bbox 624 2483 656 2531; x_wconf 92' lang='lat' dir='ltr'><strong>de</strong></span> <span class='ocrx_word' id='word_1_253' title='bbox 668 2482 778 2532; x_wconf 87' lang='lat' dir='ltr'><strong>Ecclesia</strong></span> <span class='ocrx_word' id='word_1_254' title='bbox 788 2483 821 2530; x_wconf 90' lang='lat' dir='ltr'><strong>de</strong></span> <span class='ocrx_word' id='word_1_255' title='bbox 833 2481 984 2546; x_wconf 76' lang='lat' dir='ltr'><strong>chideleghe</strong></span> <span class='ocrx_word' id='word_1_256' title='bbox 997 2477 1178 2545; x_wconf 71' lang='lat' dir='ltr'><strong>[ilhudleiglil.¹</strong></span> 
     </span>
    </p>

    <p class='ocr_par' dir='ltr' id='par_1_28' title="bbox 277 2545 1364 2664">
     <span class='ocr_line' id='line_1_32' title="bbox 277 2545 1364 2612; baseline 0.002 -18"><span class='ocrx_word' id='word_1_257' title='bbox 277 2545 351 2597; x_wconf 69' lang='lat' dir='ltr'><strong>Caria</strong></span> <span class='ocrx_word' id='word_1_258' title='bbox 365 2547 467 2598; x_wconf 84' lang='lat' dir='ltr'><strong>Hemici</strong></span> <span class='ocrx_word' id='word_1_259' title='bbox 479 2549 610 2610; x_wconf 79' lang='lat' dir='ltr'><strong>[llarshal]</strong></span> <span class='ocrx_word' id='word_1_260' title='bbox 626 2547 741 2612; x_wconf 89' lang='lat' dir='ltr'><strong>Episcopi</strong></span> <span class='ocrx_word' id='word_1_261' title='bbox 758 2547 790 2596; x_wconf 86' lang='lat' dir='ltr'><strong>de</strong></span> <span class='ocrx_word' id='word_1_262' title='bbox 808 2546 917 2597; x_wconf 86' lang='lat' dir='ltr'><strong>Ecclesia</strong></span> <span class='ocrx_word' id='word_1_263' title='bbox 931 2547 963 2598; x_wconf 87' lang='lat' dir='ltr'><strong>ds</strong></span> <span class='ocrx_word' id='word_1_264' title='bbox 975 2547 1106 2598; x_wconf 79' lang='lat' dir='ltr'><strong>(lolintona</strong></span> <span class='ocrx_word' id='word_1_265' title='bbox 1123 2551 1149 2596; x_wconf 76' lang='lat' dir='ltr'><strong>si</strong></span> <span class='ocrx_word' id='word_1_266' title='bbox 1166 2547 1199 2596; x_wconf 81' lang='lat' dir='ltr'><strong>sle</strong></span> <span class='ocrx_word' id='word_1_267' title='bbox 1215 2545 1316 2611; x_wconf 76' lang='lat' dir='ltr'><strong>Capella</strong></span> <span class='ocrx_word' id='word_1_268' title='bbox 1332 2547 1364 2596; x_wconf 91' lang='lat' dir='ltr'><strong>de</strong></span> 
     </span>
     <span class='ocr_line' id='line_1_33' title="bbox 309 2613 531 2664; baseline -0.009 -2"><span class='ocrx_word' id='word_1_269' title='bbox 309 2613 409 2664; x_wconf 77' lang='lat' dir='ltr'><strong>Schieta</strong></span> <span class='ocrx_word' id='word_1_270' title='bbox 430 2614 512 2664; x_wconf 74' lang='lat' dir='ltr'><strong>Shule</strong></span> <span class='ocrx_word' id='word_1_271' title='bbox 525 2647 531 2660; x_wconf 93' lang='lat'><strong>.</strong></span> 
     </span>
    </p>

    <p class='ocr_par' dir='ltr' id='par_1_29' title="bbox 276 2613 1255 2742">
     <span class='ocr_line' id='line_1_34' title="bbox 276 2613 1255 2742; baseline -0.003 -14"><span class='ocrx_word' id='word_1_272' title='bbox 276 2679 352 2728; x_wconf 76' lang='lat' dir='ltr'><strong>Caria</strong></span> <span class='ocrx_word' id='word_1_273' title='bbox 362 2613 531 2728; x_wconf 68' lang='lat' dir='ltr'><strong>Bsrlholomsli</strong></span> <span class='ocrx_word' id='word_1_274' title='bbox 544 2677 660 2742; x_wconf 90' lang='lat' dir='ltr'><strong>Episcopi</strong></span> <span class='ocrx_word' id='word_1_275' title='bbox 670 2677 702 2726; x_wconf 88' lang='lat' dir='ltr'><strong>ds</strong></span> <span class='ocrx_word' id='word_1_276' title='bbox 714 2677 824 2726; x_wconf 78' lang='lat' dir='ltr'><strong>Macerio</strong></span> <span class='ocrx_word' id='word_1_277' title='bbox 835 2678 867 2726; x_wconf 85' lang='lat' dir='ltr'><strong>ds</strong></span> <span class='ocrx_word' id='word_1_278' title='bbox 879 2676 975 2727; x_wconf 77' lang='lat' dir='ltr'><strong>Moroei</strong></span> <span class='ocrx_word' id='word_1_279' title='bbox 985 2674 1255 2740; x_wconf 71' lang='lat' dir='ltr'><strong>[Moscheni-BishopJ.</strong></span> 
     </span>
    </p>

    <p class='ocr_par' dir='ltr' id='par_1_30' title="bbox 277 2741 1312 2807">
     <span class='ocr_line' id='line_1_35' title="bbox 277 2741 1312 2807; baseline -0.004 -14"><span class='ocrx_word' id='word_1_280' title='bbox 277 2743 485 2794; x_wconf 70' lang='lat' dir='ltr'><strong>carcasonensis</strong></span> <span class='ocrx_word' id='word_1_281' title='bbox 497 2743 613 2807; x_wconf 87' lang='lat' dir='ltr'><strong>Episcopi</strong></span> <span class='ocrx_word' id='word_1_282' title='bbox 624 2744 657 2792; x_wconf 85' lang='lat' dir='ltr'><strong>de</strong></span> <span class='ocrx_word' id='word_1_283' title='bbox 667 2741 766 2792; x_wconf 86' lang='lat' dir='ltr'><strong>duabus</strong></span> <span class='ocrx_word' id='word_1_284' title='bbox 776 2741 839 2791; x_wconf 84' lang='lat' dir='ltr'><strong>soris</strong></span> <span class='ocrx_word' id='word_1_285' title='bbox 850 2747 916 2792; x_wconf 74' lang='lat' dir='ltr'><strong>terre</strong></span> <span class='ocrx_word' id='word_1_286' title='bbox 927 2742 953 2792; x_wconf 88' lang='lat' dir='ltr'><strong>in</strong></span> <span class='ocrx_word' id='word_1_287' title='bbox 965 2741 1076 2791; x_wconf 76' lang='lat' dir='ltr'><strong>Menenio</strong></span> <span class='ocrx_word' id='word_1_288' title='bbox 1088 2741 1174 2791; x_wconf 75' lang='lat' dir='ltr'><strong>Sancti</strong></span> <span class='ocrx_word' id='word_1_289' title='bbox 1186 2742 1312 2791; x_wconf 81' lang='lat' dir='ltr'><strong>Germani.</strong></span> 
     </span>
    </p>

    <p class='ocr_par' dir='ltr' id='par_1_31' title="bbox 275 2805 1364 2872">
     <span class='ocr_line' id='line_1_36' title="bbox 275 2805 1364 2872; baseline -0.003 -13"><span class='ocrx_word' id='word_1_290' title='bbox 275 2811 350 2860; x_wconf 74' lang='lat' dir='ltr'><strong>Caria</strong></span> <span class='ocrx_word' id='word_1_291' title='bbox 376 2808 499 2859; x_wconf 70' lang='lat' dir='ltr'><strong>iohannis</strong></span> <span class='ocrx_word' id='word_1_292' title='bbox 527 2808 644 2872; x_wconf 86' lang='lat' dir='ltr'><strong>Episcopi</strong></span> <span class='ocrx_word' id='word_1_293' title='bbox 665 2808 696 2857; x_wconf 89' lang='lat' dir='ltr'><strong>de</strong></span> <span class='ocrx_word' id='word_1_294' title='bbox 719 2822 853 2858; x_wconf 82' lang='lat' dir='ltr'><strong>commune</strong></span> <span class='ocrx_word' id='word_1_295' title='bbox 873 2807 961 2857; x_wconf 75' lang='lat' dir='ltr'><strong>debita</strong></span> <span class='ocrx_word' id='word_1_296' title='bbox 987 2811 1089 2858; x_wconf 69' lang='lat' dir='ltr'><strong>nantum</strong></span> <span class='ocrx_word' id='word_1_297' title='bbox 1114 2806 1210 2870; x_wconf 65' lang='lat' dir='ltr'><strong>xxffiju</strong></span> <span class='ocrx_word' id='word_1_298' title='bbox 1232 2805 1364 2857; x_wconf 75' lang='lat' dir='ltr'><strong>(laconicis</strong></span> 
     </span>
    </p>
   </div>
   <div class='ocr_carea' id='block_1_3' title="bbox 274 2871 1362 3002">
    <p class='ocr_par' dir='ltr' id='par_1_32' title="bbox 274 2871 1362 3002">
     <span class='ocr_line' id='line_1_37' title="bbox 274 2871 1362 3002; baseline -0.004 -12"><span class='ocrx_word' id='word_1_299' title='bbox 274 2871 538 2990; x_wconf 55' lang='lat' dir='ltr'><strong>Geilslllllrmiliolomsi</strong></span> <span class='ocrx_word' id='word_1_300' title='bbox 558 2937 647 3002; x_wconf 89' lang='lat' dir='ltr'><strong>Episco</strong></span> <span class='ocrx_word' id='word_1_301' title='bbox 664 2937 674 2986; x_wconf 92' lang='lat' dir='ltr'><strong>i</strong></span> <span class='ocrx_word' id='word_1_302' title='bbox 691 2937 723 2986; x_wconf 88' lang='lat' dir='ltr'><strong>de</strong></span> <span class='ocrx_word' id='word_1_303' title='bbox 744 2937 928 2986; x_wconf 74' lang='lat' dir='ltr'><strong>constitucione</strong></span> <span class='ocrx_word' id='word_1_304' title='bbox 948 2935 1115 2986; x_wconf 69' lang='lat' dir='ltr'><strong>linteariorum</strong></span> <span class='ocrx_word' id='word_1_305' title='bbox 1135 2951 1187 2986; x_wconf 87' lang='lat' dir='ltr'><strong>uon</strong></span> <span class='ocrx_word' id='word_1_306' title='bbox 1208 2935 1362 2986; x_wconf 85' lang='lat' dir='ltr'><strong>solveucinm</strong></span> 
     </span>
    </p>
   </div>
   <div class='ocr_carea' id='block_1_4' title="bbox 271 3001 1363 4105">
    <p class='ocr_par' dir='ltr' id='par_1_33' title="bbox 305 3001 931 3066">
     <span class='ocr_line' id='line_1_38' title="bbox 305 3001 931 3066; baseline -0.006 -12"><span class='ocrx_word' id='word_1_307' title='bbox 305 3004 409 3054; x_wconf 76' lang='lat' dir='ltr'><strong>statutis</strong></span> <span class='ocrx_word' id='word_1_308' title='bbox 420 3004 551 3064; x_wconf 78' lang='lat' dir='ltr'><strong>Terminis,</strong></span> <span class='ocrx_word' id='word_1_309' title='bbox 563 3009 590 3052; x_wconf 80' lang='lat' dir='ltr'><strong>el</strong></span> <span class='ocrx_word' id='word_1_310' title='bbox 600 3019 617 3066; x_wconf 92' lang='lat' dir='ltr'>q</span> <span class='ocrx_word' id='word_1_311' title='bbox 662 3003 710 3052; x_wconf 74' lang='lat' dir='ltr'><strong>&#39;ter</strong></span> <span class='ocrx_word' id='word_1_312' title='bbox 721 3001 830 3052; x_wconf 74' lang='lat' dir='ltr'><strong>debeant</strong></span> <span class='ocrx_word' id='word_1_313' title='bbox 840 3001 931 3065; x_wconf 81' lang='lat' dir='ltr'><strong>puniri</strong></span> 
     </span>
    </p>

    <p class='ocr_par' dir='ltr' id='par_1_34' title="bbox 272 3066 1363 3197">
     <span class='ocr_line' id='line_1_39' title="bbox 272 3066 1363 3131; baseline -0.001 -12"><span class='ocrx_word' id='word_1_314' title='bbox 272 3069 456 3119; x_wconf 78' lang='lat' dir='ltr'><strong>Testimonium</strong></span> <span class='ocrx_word' id='word_1_315' title='bbox 475 3068 644 3118; x_wconf 80' lang='lat' dir='ltr'><strong>Bartholomei</strong></span> <span class='ocrx_word' id='word_1_316' title='bbox 664 3067 777 3131; x_wconf 88' lang='lat' dir='ltr'><strong>Episcopi</strong></span> <span class='ocrx_word' id='word_1_317' title='bbox 794 3067 826 3117; x_wconf 88' lang='lat' dir='ltr'><strong>de</strong></span> <span class='ocrx_word' id='word_1_318' title='bbox 843 3067 999 3118; x_wconf 84' lang='lat' dir='ltr'><strong>concessione</strong></span> <span class='ocrx_word' id='word_1_319' title='bbox 1016 3066 1149 3130; x_wconf 84' lang='lat' dir='ltr'><strong>cujusdam</strong></span> <span class='ocrx_word' id='word_1_320' title='bbox 1166 3069 1232 3117; x_wconf 77' lang='lat' dir='ltr'><strong>ierne</strong></span> <span class='ocrx_word' id='word_1_321' title='bbox 1248 3067 1315 3118; x_wconf 77' lang='lat' dir='ltr'><strong>nete</strong></span> <span class='ocrx_word' id='word_1_322' title='bbox 1330 3067 1363 3118; x_wconf 84' lang='lat' dir='ltr'><strong>ad</strong></span> 
     </span>
     <span class='ocr_line' id='line_1_40' title="bbox 304 3133 568 3197; baseline 0 -13"><span class='ocrx_word' id='word_1_323' title='bbox 304 3133 379 3184; x_wconf 89' lang='lat' dir='ltr'><strong>Wills</strong></span> <span class='ocrx_word' id='word_1_324' title='bbox 389 3133 568 3197; x_wconf 78' lang='lat' dir='ltr'><strong>[coffinswcll]</strong></span> 
     </span>
    </p>

    <p class='ocr_par' dir='ltr' id='par_1_35' title="bbox 272 3195 1074 3261">
     <span class='ocr_line' id='line_1_41' title="bbox 272 3195 1074 3261; baseline -0.004 -12"><span class='ocrx_word' id='word_1_325' title='bbox 272 3199 455 3249; x_wconf 74' lang='lat' dir='ltr'><strong>Testimonium</strong></span> <span class='ocrx_word' id='word_1_326' title='bbox 467 3197 607 3248; x_wconf 85' lang='lat' dir='ltr'><strong>Beiooensis</strong></span> <span class='ocrx_word' id='word_1_327' title='bbox 619 3197 735 3261; x_wconf 86' lang='lat' dir='ltr'><strong>Episcopi</strong></span> <span class='ocrx_word' id='word_1_328' title='bbox 746 3196 778 3246; x_wconf 88' lang='lat' dir='ltr'><strong>de</strong></span> <span class='ocrx_word' id='word_1_329' title='bbox 790 3197 902 3246; x_wconf 74' lang='lat' dir='ltr'><strong>Manes-io</strong></span> <span class='ocrx_word' id='word_1_330' title='bbox 914 3195 946 3246; x_wconf 87' lang='lat' dir='ltr'><strong>ds</strong></span> <span class='ocrx_word' id='word_1_331' title='bbox 957 3195 1074 3246; x_wconf 76' lang='lat' dir='ltr'><strong>&#39;li-clives.</strong></span> 
     </span>
    </p>

    <p class='ocr_par' dir='ltr' id='par_1_36' title="bbox 272 3261 1280 3327">
     <span class='ocr_line' id='line_1_42' title="bbox 272 3261 1280 3327; baseline -0.002 -12"><span class='ocrx_word' id='word_1_332' title='bbox 272 3265 348 3315; x_wconf 69' lang='lat' dir='ltr'><strong>Ouia</strong></span> <span class='ocrx_word' id='word_1_333' title='bbox 359 3263 527 3312; x_wconf 71' lang='lat' dir='ltr'><strong>Bartholomei</strong></span> <span class='ocrx_word' id='word_1_334' title='bbox 540 3262 655 3327; x_wconf 86' lang='lat' dir='ltr'><strong>Episcopi</strong></span> <span class='ocrx_word' id='word_1_335' title='bbox 663 3261 695 3311; x_wconf 88' lang='lat' dir='ltr'><strong>de</strong></span> <span class='ocrx_word' id='word_1_336' title='bbox 706 3277 776 3311; x_wconf 78' lang='lat' dir='ltr'><strong>cereo</strong></span> <span class='ocrx_word' id='word_1_337' title='bbox 788 3266 909 3326; x_wconf 71' lang='lat' dir='ltr'><strong>perpetuo</strong></span> <span class='ocrx_word' id='word_1_338' title='bbox 921 3263 953 3312; x_wconf 90' lang='lat' dir='ltr'><strong>de</strong></span> <span class='ocrx_word' id='word_1_339' title='bbox 965 3261 1075 3312; x_wconf 76' lang='lat' dir='ltr'><strong>Ecclesia</strong></span> <span class='ocrx_word' id='word_1_340' title='bbox 1085 3265 1118 3312; x_wconf 85' lang='lat' dir='ltr'><strong>de</strong></span> <span class='ocrx_word' id='word_1_341' title='bbox 1128 3263 1280 3314; x_wconf 81' lang='lat' dir='ltr'><strong>Branctone.</strong></span> 
     </span>
    </p>

    <p class='ocr_par' dir='ltr' id='par_1_37' title="bbox 272 3326 938 3391">
     <span class='ocr_line' id='line_1_43' title="bbox 272 3326 938 3391; baseline -0.006 -11"><span class='ocrx_word' id='word_1_342' title='bbox 272 3328 436 3380; x_wconf 72' lang='lat' dir='ltr'><strong>confirmacio</strong></span> <span class='ocrx_word' id='word_1_343' title='bbox 447 3327 550 3377; x_wconf 73' lang='lat' dir='ltr'><strong>Rcberii</strong></span> <span class='ocrx_word' id='word_1_344' title='bbox 562 3327 679 3391; x_wconf 91' lang='lat' dir='ltr'><strong>Episcopi</strong></span> <span class='ocrx_word' id='word_1_345' title='bbox 689 3327 721 3376; x_wconf 89' lang='lat' dir='ltr'><strong>de</strong></span> <span class='ocrx_word' id='word_1_346' title='bbox 733 3327 826 3376; x_wconf 70' lang='lat' dir='ltr'><strong>Sancw</strong></span> <span class='ocrx_word' id='word_1_347' title='bbox 841 3326 938 3376; x_wconf 80' lang='lat' dir='ltr'><strong>Pirsnu</strong></span> 
     </span>
    </p>

    <p class='ocr_par' dir='ltr' id='par_1_38' title="bbox 271 3391 1362 3472">
     <span class='ocr_line' id='line_1_44' title="bbox 271 3391 1362 3472; baseline -0.002 -27"><span class='ocrx_word' id='word_1_348' title='bbox 271 3393 435 3472; x_wconf 72' lang='lat' dir='ltr'><strong>confirmacio</strong></span> <span class='ocrx_word' id='word_1_349' title='bbox 445 3393 565 3442; x_wconf 80' lang='lat' dir='ltr'><strong>willelmi</strong></span> <span class='ocrx_word' id='word_1_350' title='bbox 577 3391 692 3456; x_wconf 86' lang='lat' dir='ltr'><strong>Episcopi</strong></span> <span class='ocrx_word' id='word_1_351' title='bbox 703 3393 735 3441; x_wconf 89' lang='lat' dir='ltr'><strong>de</strong></span> <span class='ocrx_word' id='word_1_352' title='bbox 746 3396 814 3442; x_wconf 78' lang='lat' dir='ltr'><strong>serra</strong></span> <span class='ocrx_word' id='word_1_353' title='bbox 825 3393 857 3442; x_wconf 90' lang='lat' dir='ltr'><strong>ds</strong></span> <span class='ocrx_word' id='word_1_354' title='bbox 870 3391 1002 3442; x_wconf 77' lang='lat' dir='ltr'><strong>llorlehon</strong></span> <span class='ocrx_word' id='word_1_355' title='bbox 1020 3407 1135 3443; x_wconf 83' lang='lat' dir='ltr'><strong>concessa</strong></span> <span class='ocrx_word' id='word_1_356' title='bbox 1155 3391 1273 3457; x_wconf 72' lang='lat' dir='ltr'><strong>capitulo</strong></span> <span class='ocrx_word' id='word_1_357' title='bbox 1289 3392 1362 3443; x_wconf 78' lang='lat' dir='ltr'><strong>Besii</strong></span> 
     </span>
    </p>

    <p class='ocr_par' dir='ltr' id='par_1_39' title="bbox 272 3520 1362 3653">
     <span class='ocr_line' id='line_1_45' title="bbox 272 3520 1362 3587; baseline 0 -12"><span class='ocrx_word' id='word_1_358' title='bbox 272 3524 348 3576; x_wconf 80' lang='lat' dir='ltr'><strong>Carta</strong></span> <span class='ocrx_word' id='word_1_359' title='bbox 365 3523 467 3573; x_wconf 83' lang='lat' dir='ltr'><strong>Hsnrici</strong></span> <span class='ocrx_word' id='word_1_360' title='bbox 484 3521 615 3584; x_wconf 81' lang='lat' dir='ltr'><strong>[Marshel]</strong></span> <span class='ocrx_word' id='word_1_361' title='bbox 634 3521 752 3586; x_wconf 88' lang='lat' dir='ltr'><strong>Episcopi</strong></span> <span class='ocrx_word' id='word_1_362' title='bbox 763 3521 795 3572; x_wconf 89' lang='lat' dir='ltr'><strong>de</strong></span> <span class='ocrx_word' id='word_1_363' title='bbox 807 3521 917 3572; x_wconf 83' lang='lat' dir='ltr'><strong>Ecclesia</strong></span> <span class='ocrx_word' id='word_1_364' title='bbox 933 3521 965 3572; x_wconf 78' lang='lat' dir='ltr'><strong>&lt;le</strong></span> <span class='ocrx_word' id='word_1_365' title='bbox 977 3521 1078 3572; x_wconf 81' lang='lat' dir='ltr'><strong>Lencho</strong></span> <span class='ocrx_word' id='word_1_366' title='bbox 1088 3520 1137 3587; x_wconf 69' lang='lat' dir='ltr'><strong>[Sc</strong></span> <span class='ocrx_word' id='word_1_367' title='bbox 1150 3522 1231 3586; x_wconf 82' lang='lat' dir='ltr'><strong>Kew]‚</strong></span> <span class='ocrx_word' id='word_1_368' title='bbox 1248 3538 1362 3576; x_wconf 78' lang='lat' dir='ltr'><strong>concessa</strong></span> 
     </span>
     <span class='ocr_line' id='line_1_46' title="bbox 305 3587 687 3653; baseline -0.01 -13"><span class='ocrx_word' id='word_1_369' title='bbox 305 3590 381 3653; x_wconf 83' lang='lat' dir='ltr'><strong>Operi</strong></span> <span class='ocrx_word' id='word_1_370' title='bbox 393 3587 502 3638; x_wconf 82' lang='lat' dir='ltr'><strong>Ecclesia</strong></span> <span class='ocrx_word' id='word_1_371' title='bbox 514 3589 599 3638; x_wconf 75' lang='lat' dir='ltr'><strong>Sancti</strong></span> <span class='ocrx_word' id='word_1_372' title='bbox 611 3587 687 3637; x_wconf 76' lang='lat' dir='ltr'><strong>Petri.</strong></span> 
     </span>
    </p>

    <p class='ocr_par' dir='ltr' id='par_1_40' title="bbox 272 3649 1185 3716">
     <span class='ocr_line' id='line_1_47' title="bbox 272 3649 1185 3716; baseline -0.002 -12"><span class='ocrx_word' id='word_1_373' title='bbox 272 3655 348 3705; x_wconf 73' lang='lat' dir='ltr'><strong>Caria</strong></span> <span class='ocrx_word' id='word_1_374' title='bbox 360 3652 528 3703; x_wconf 69' lang='lat' dir='ltr'><strong>anolomei</strong></span> <span class='ocrx_word' id='word_1_375' title='bbox 540 3653 655 3716; x_wconf 89' lang='lat' dir='ltr'><strong>Episcopi</strong></span> <span class='ocrx_word' id='word_1_376' title='bbox 666 3653 698 3700; x_wconf 90' lang='lat' dir='ltr'><strong>de</strong></span> <span class='ocrx_word' id='word_1_377' title='bbox 712 3649 821 3701; x_wconf 87' lang='lat' dir='ltr'><strong>Ecclesia</strong></span> <span class='ocrx_word' id='word_1_378' title='bbox 832 3652 864 3700; x_wconf 86' lang='lat' dir='ltr'><strong>ds</strong></span> <span class='ocrx_word' id='word_1_379' title='bbox 876 3651 1026 3714; x_wconf 76' lang='lat' dir='ltr'><strong>Egloscsnch</strong></span> <span class='ocrx_word' id='word_1_380' title='bbox 1039 3651 1088 3713; x_wconf 65' lang='lat' dir='ltr'><strong>[Si</strong></span> <span class='ocrx_word' id='word_1_381' title='bbox 1098 3651 1185 3716; x_wconf 77' lang='lat' dir='ltr'><strong>Issey].</strong></span> 
     </span>
    </p>

    <p class='ocr_par' dir='ltr' id='par_1_41' title="bbox 273 3715 1069 3782">
     <span class='ocr_line' id='line_1_48' title="bbox 273 3715 1069 3782; baseline -0.005 -12"><span class='ocrx_word' id='word_1_382' title='bbox 273 3719 348 3770; x_wconf 80' lang='lat' dir='ltr'><strong>Certa</strong></span> <span class='ocrx_word' id='word_1_383' title='bbox 359 3718 463 3768; x_wconf 77' lang='lat' dir='ltr'><strong>Roberii</strong></span> <span class='ocrx_word' id='word_1_384' title='bbox 474 3717 590 3782; x_wconf 91' lang='lat' dir='ltr'><strong>Episcopi</strong></span> <span class='ocrx_word' id='word_1_385' title='bbox 601 3719 633 3766; x_wconf 92' lang='lat' dir='ltr'><strong>de</strong></span> <span class='ocrx_word' id='word_1_386' title='bbox 644 3716 851 3780; x_wconf 77' lang='lat' dir='ltr'><strong>angmeniscione</strong></span> <span class='ocrx_word' id='word_1_387' title='bbox 862 3715 1069 3766; x_wconf 84' lang='lat' dir='ltr'><strong>Prebsndsrum.¹</strong></span> 
     </span>
    </p>

    <p class='ocr_par' dir='ltr' id='par_1_42' title="bbox 272 3781 1360 3846">
     <span class='ocr_line' id='line_1_49' title="bbox 272 3781 1360 3846; baseline -0.002 -12"><span class='ocrx_word' id='word_1_388' title='bbox 272 3785 348 3834; x_wconf 83' lang='lat' dir='ltr'><strong>Caria</strong></span> <span class='ocrx_word' id='word_1_389' title='bbox 358 3783 476 3842; x_wconf 77' lang='lat' dir='ltr'><strong>Hnbcrli,</strong></span> <span class='ocrx_word' id='word_1_390' title='bbox 488 3781 674 3846; x_wconf 77' lang='lat' dir='ltr'><strong>Archiepiscopi</strong></span> <span class='ocrx_word' id='word_1_391' title='bbox 687 3781 880 3840; x_wconf 77' lang='lat' dir='ltr'><strong>Cantuariensia,</strong></span> <span class='ocrx_word' id='word_1_392' title='bbox 889 3797 1104 3844; x_wconf 83' lang='lat' dir='ltr'><strong>supercommune</strong></span> <span class='ocrx_word' id='word_1_393' title='bbox 1113 3782 1202 3844; x_wconf 66' lang='lat' dir='ltr'><strong>Roget-i</strong></span> <span class='ocrx_word' id='word_1_394' title='bbox 1211 3783 1243 3831; x_wconf 91' lang='lat' dir='ltr'><strong>ds</strong></span> <span class='ocrx_word' id='word_1_395' title='bbox 1251 3782 1360 3832; x_wconf 83' lang='lat' dir='ltr'><strong>Sildons.</strong></span> 
     </span>
    </p>

    <p class='ocr_par' dir='ltr' id='par_1_43' title="bbox 273 3845 1275 3910">
     <span class='ocr_line' id='line_1_50' title="bbox 273 3845 1275 3910; baseline -0.002 -11"><span class='ocrx_word' id='word_1_396' title='bbox 273 3849 348 3899; x_wconf 77' lang='lat' dir='ltr'><strong>Carta</strong></span> <span class='ocrx_word' id='word_1_397' title='bbox 360 3847 462 3897; x_wconf 85' lang='lat' dir='ltr'><strong>Henrici</strong></span> <span class='ocrx_word' id='word_1_398' title='bbox 474 3848 506 3896; x_wconf 93' lang='lat' dir='ltr'><strong>de</strong></span> <span class='ocrx_word' id='word_1_399' title='bbox 517 3847 634 3910; x_wconf 80' lang='lat' dir='ltr'><strong>Melewys</strong></span> <span class='ocrx_word' id='word_1_400' title='bbox 645 3851 672 3896; x_wconf 78' lang='lat' dir='ltr'><strong>ci</strong></span> <span class='ocrx_word' id='word_1_401' title='bbox 683 3845 782 3896; x_wconf 80' lang='lat' dir='ltr'><strong>Ricandi</strong></span> <span class='ocrx_word' id='word_1_402' title='bbox 794 3847 825 3896; x_wconf 88' lang='lat' dir='ltr'><strong>de</strong></span> <span class='ocrx_word' id='word_1_403' title='bbox 837 3845 944 3896; x_wconf 77' lang='lat' dir='ltr'><strong>Sidcbiii</strong></span> <span class='ocrx_word' id='word_1_404' title='bbox 955 3847 987 3895; x_wconf 86' lang='lat' dir='ltr'><strong>de</strong></span> <span class='ocrx_word' id='word_1_405' title='bbox 999 3847 1108 3896; x_wconf 81' lang='lat' dir='ltr'><strong>Ecclesia</strong></span> <span class='ocrx_word' id='word_1_406' title='bbox 1118 3847 1150 3895; x_wconf 92' lang='lat' dir='ltr'><strong>de</strong></span> <span class='ocrx_word' id='word_1_407' title='bbox 1161 3847 1275 3898; x_wconf 79' lang='lat' dir='ltr'><strong>Sidebiri.</strong></span> 
     </span>
    </p>

    <p class='ocr_par' dir='ltr' id='par_1_44' title="bbox 273 3909 1361 4028">
     <span class='ocr_line' id='line_1_51' title="bbox 273 3909 1361 4026; baseline -0.002 -62"><span class='ocrx_word' id='word_1_408' title='bbox 273 3913 348 3964; x_wconf 69' lang='lat' dir='ltr'><strong>Ossia</strong></span> <span class='ocrx_word' id='word_1_409' title='bbox 364 3911 620 4026; x_wconf 73' lang='lat' dir='ltr'><strong>JohsnnisPEpiscopi</strong></span> <span class='ocrx_word' id='word_1_410' title='bbox 636 3911 668 3960; x_wconf 86' lang='lat' dir='ltr'><strong>ds</strong></span> <span class='ocrx_word' id='word_1_411' title='bbox 685 3911 795 3960; x_wconf 78' lang='lat' dir='ltr'><strong>Ecclesia</strong></span> <span class='ocrx_word' id='word_1_412' title='bbox 811 3911 842 3960; x_wconf 90' lang='lat' dir='ltr'><strong>de</strong></span> <span class='ocrx_word' id='word_1_413' title='bbox 860 3911 993 3974; x_wconf 81' lang='lat' dir='ltr'><strong>Egloscruc</strong></span> <span class='ocrx_word' id='word_1_414' title='bbox 1011 3909 1060 3975; x_wconf 69' lang='lat' dir='ltr'><strong>[Sa</strong></span> <span class='ocrx_word' id='word_1_415' title='bbox 1079 3911 1167 3976; x_wconf 76' lang='lat' dir='ltr'><strong>Isseyl</strong></span> <span class='ocrx_word' id='word_1_416' title='bbox 1184 3911 1273 3962; x_wconf 74' lang='lat' dir='ltr'><strong>colun</strong></span> <span class='ocrx_word' id='word_1_417' title='bbox 1295 3927 1361 3962; x_wconf 90' lang='lat' dir='ltr'><strong>com·</strong></span> 
     </span>
     <span class='ocr_line' id='line_1_52' title="bbox 304 3977 566 4028; baseline -0.011 0"><span class='ocrx_word' id='word_1_418' title='bbox 304 3993 381 4028; x_wconf 84' lang='lat' dir='ltr'><strong>mune</strong></span> <span class='ocrx_word' id='word_1_419' title='bbox 393 3977 478 4028; x_wconf 71' lang='lat' dir='ltr'><strong>Sancti</strong></span> <span class='ocrx_word' id='word_1_420' title='bbox 502 3977 566 4026; x_wconf 75' lang='lat' dir='ltr'><strong>ciri.</strong></span> 
     </span>
    </p>

    <p class='ocr_par' dir='ltr' id='par_1_45' title="bbox 274 4039 1362 4105">
     <span class='ocr_line' id='line_1_53' title="bbox 274 4039 1362 4105; baseline 0 -13"><span class='ocrx_word' id='word_1_421' title='bbox 274 4043 437 4093; x_wconf 77' lang='lat' dir='ltr'><strong>confirmacio</strong></span> <span class='ocrx_word' id='word_1_422' title='bbox 459 4041 562 4091; x_wconf 80' lang='lat' dir='ltr'><strong>Hem-ici</strong></span> <span class='ocrx_word' id='word_1_423' title='bbox 584 4039 715 4103; x_wconf 81' lang='lat' dir='ltr'><strong>[Mershsl]</strong></span> <span class='ocrx_word' id='word_1_424' title='bbox 737 4039 854 4104; x_wconf 89' lang='lat' dir='ltr'><strong>Episcopi</strong></span> <span class='ocrx_word' id='word_1_425' title='bbox 876 4041 908 4090; x_wconf 89' lang='lat' dir='ltr'><strong>‹le</strong></span> <span class='ocrx_word' id='word_1_426' title='bbox 932 4039 1048 4090; x_wconf 87' lang='lat' dir='ltr'><strong>Ecclesiis</strong></span> <span class='ocrx_word' id='word_1_427' title='bbox 1069 4041 1101 4090; x_wconf 88' lang='lat' dir='ltr'><strong>da</strong></span> <span class='ocrx_word' id='word_1_428' title='bbox 1123 4039 1263 4105; x_wconf 77' lang='lat' dir='ltr'><strong>Aspertone</strong></span> <span class='ocrx_word' id='word_1_429' title='bbox 1282 4046 1309 4091; x_wconf 75' lang='lat' dir='ltr'><strong>et</strong></span> <span class='ocrx_word' id='word_1_430' title='bbox 1330 4043 1362 4094; x_wconf 88' lang='lat' dir='ltr'><strong>de</strong></span> 
     </span>
    </p>
   </div>
   <div class='ocr_carea' id='block_1_5' title="bbox 276 4109 1123 4233">
    <p class='ocr_par' dir='ltr' id='par_1_46' title="bbox 276 4109 1123 4233">
     <span class='ocr_line' id='line_1_54' title="bbox 276 4109 1123 4233; baseline -0.004 -11"><span class='ocrx_word' id='word_1_431' title='bbox 276 4109 485 4222; x_wconf 57' lang='lat' dir='ltr'><strong>ciffis.</strong></span> <span class='ocrx_word' id='word_1_432' title='bbox 496 4171 520 4220; x_wconf 75' lang='lat'><strong>10</strong></span> <span class='ocrx_word' id='word_1_433' title='bbox 531 4172 579 4222; x_wconf 72' lang='lat' dir='ltr'><strong>sor</strong></span> <span class='ocrx_word' id='word_1_434' title='bbox 589 4171 621 4220; x_wconf 68' lang='grc' dir='ltr'><strong>(ιο</strong></span> <span class='ocrx_word' id='word_1_435' title='bbox 632 4169 742 4220; x_wconf 71' lang='lat' dir='ltr'><strong>Eculeus</strong></span> <span class='ocrx_word' id='word_1_436' title='bbox 753 4147 839 4219; x_wconf 61' lang='lat' dir='ltr'><strong>senen</strong></span> <span class='ocrx_word' id='word_1_437' title='bbox 850 4171 920 4221; x_wconf 60' lang='lat' dir='ltr'><strong>sunu</strong></span> <span class='ocrx_word' id='word_1_438' title='bbox 932 4170 970 4232; x_wconf 76' lang='lat' dir='ltr'><strong>[n</strong></span> <span class='ocrx_word' id='word_1_439' title='bbox 981 4167 1123 4233; x_wconf 58' lang='lat' dir='ltr'><strong>manne}</strong></span> 
     </span>
    </p>
   </div>
   <div class='ocr_carea' id='block_1_6' title="bbox 216 4311 1230 4476">
    <p class='ocr_par' dir='ltr' id='par_1_47' title="bbox 216 4311 1230 4476">
     <span class='ocr_line' id='line_1_55' title="bbox 216 4311 1230 4367; baseline 0.004 -6"><span class='ocrx_word' id='word_1_440' title='bbox 216 4311 224 4344; x_wconf 89' lang='lat'><em>¹</em></span> <span class='ocrx_word' id='word_1_441' title='bbox 242 4313 541 4365; x_wconf 71' lang='lat' dir='ltr'><strong>“Nou‘&#39;-urcndisoa</strong></span> <span class='ocrx_word' id='word_1_442' title='bbox 808 4313 819 4346; x_wconf 82' lang='lat'><strong>¹</strong></span> <span class='ocrx_word' id='word_1_443' title='bbox 838 4314 850 4338; x_wconf 82' lang='lat'><strong>&#39;⁸</strong></span> <span class='ocrx_word' id='word_1_444' title='bbox 860 4315 928 4365; x_wconf 75' lang='lat' dir='ltr'><strong>Nola</strong></span> <span class='ocrx_word' id='word_1_445' title='bbox 943 4313 1230 4367; x_wconf 77' lang='lat' dir='ltr'><strong>Bsne”-0raadiascn.</strong></span> 
     </span>
     <span class='ocr_line' id='line_1_56' title="bbox 307 4411 345 4476; baseline 0.026 -38"><span class='ocrx_word' id='word_1_446' title='bbox 307 4411 345 4476; x_wconf 63' lang='lat' dir='ltr'><strong>U!</strong></span> 
     </span>
    </p>
   </div>
   <div class='ocr_carea' id='block_1_7' title="bbox 0 0 1656 4978">
    <p class='ocr_par' dir='ltr' id='par_1_48' title="bbox 0 0 1656 4978">
     <span class='ocr_line' id='line_1_57' title="bbox 0 0 1656 4978; baseline 0 4"><span class='ocrx_word' id='word_1_447' title='bbox 0 0 1656 4978; x_wconf 95' lang='lat' dir='ltr'><strong> </strong></span> 
     </span>
    </p>
   </div>
  </div>
 </body>
</html>
