3298 4984
652 387 824 439 GENERAL
841 388 968 441 INDEX.

220 543 339 609 Foede
354 539 702 625 Abbey—eontinuecl.

330 645 467 694 commissis
484 649 510 692 et
526 644 632 702 eliensis,
649 645 798 693 elictoritsto
815 645 928 708 ejusdem
947 644 1049 694 Domini
1067 647 1188 710 Episcopi,
1201 655 1262 698 sunt
1285 651 1392 713 Suspen-

330 711 405 758 sionis
420 717 446 758 et
465 710 736 758 Exmnnnunieacionis
756 712 894 759 Senteueiis
912 711 1055 768 innodatio
1073 713 1148 775 janua
1162 715 1291 777 Cymiterii
1308 717 1393 764 utoni

330 776 399 824 Petri
417 775 566 823 Exoniensis
582 791 661 836 usque
678 776 710 822 ad
729 777 811 822 volvus
829 775 938 824 Ecclesie
959 778 1120 836 Cathedralis
1133 779 1287 841 discmrperto
1302 781 1391 842 capite,

329 841 451 896 discincti,
472 845 498 886 et
513 839 655 898 discalciati,
677 840 740 889 citra
763 841 865 888 Festum
890 842 1037 902 predictum,
1062 859 1119 890 cunr
1137 844 1196 905 ipsis
1219 861 1262 906 pm
1285 847 1393 894 enmlcm

331 907 468 954 Dominum
482 905 558 952 inerit
570 905 725 959 nunciatum,
738 905 867 952 horninur
878 907 980 954 veniunt
991 913 1017 954 et
1030 909 1126 968 devote,
1139 925 1167 956 uc
1179 911 1277 958 unicam
1289 911 1393 958 inconti-

332 971 402 1020 nenti
414 971 445 1018 eb
457 971 544 1018 eodem
557 969 685 1031 Episcopo
698 969 736 1018 rel
748 970 831 1032 aliquo
840 971 961 1032 deputato
973 973 1004 1018 ub
1016 972 1075 1034 ipso,
1089 973 1208 1036 recipiant
1219 975 1373 1037 disciplinam
1388 991 1394 1034 ;

331 1036 406 1084 sliam
426 1035 598 1098 penitenciam,
615 1050 691 1096 quam
720 1035 786 1082 idem
813 1033 935 1082 Dominus
963 1037 1055 1084 eisdem
1080 1038 1182 1086 duxerit
1206 1039 1394 1102 injungendam,

331 1101 508 1149 nichilominus
520 1100 651 1161 recepturi.
689 1099 767 1158 idem,
780 1100 863 1158 ecinm,
877 1101 968 1160 Abbvs,
982 1117 1025 1164 pro
1042 1118 1068 1148 se
1079 1109 1105 1150 et
1116 1119 1161 1150 sno
1175 1105 1314 1164 Conventu,
1327 1106 1395 1154 mille

332 1181 427 1214 marens
446 1164 623 1226 sterlingorum
645 1165 741 1224 preiuto
762 1165 890 1227 Episcopo,
914 1181 958 1228 pro
978 1165 1084 1228 injuriis,
1101 1169 1293 1230 graveminibns,
1306 1175 1393 1218 coutu-

332 1231 425 1290 meciis,
443 1239 469 1278 et
481 1230 579 1278 offensis
592 1229 768 1292 personalibus,
783 1245 825 1292 per
837 1230 902 1292 ipsos
915 1231 1038 1278 Abbntenr
1052 1237 1078 1278 et
1095 1231 1253 1282 Conventum
1271 1235 1394 1294 notandis,

333 1296 413 1344 eidem
423 1296 562 1358 promittat,
572 1300 598 1342 et
609 1295 640 1342 ud
653 1294 849 1342 moderacionem
866 1301 975 1342 nostram
994 1297 1121 1356 exsolvat;
1140 1313 1202 1358 qum
1213 1299 1315 1361 quidem
1328 1301 1396 1348 mille

332 1377 427 1409 marces
450 1361 516 1408 idem
539 1360 633 1415 Atreus,
656 1375 700 1422 pro
722 1375 748 1406 se
771 1365 797 1407 et
823 1358 953 1407 Conrentu
974 1377 1027 1420 suo,
1050 1362 1117 1409 dioto
1144 1363 1250 1410 Domino
1275 1365 1396 1426 Epismpo

333 1427 472 1474 seeundum
485 1424 681 1472 moderacionem
693 1429 803 1472 nostrum
813 1440 839 1470 sc
851 1424 914 1472 boun
926 1425 975 1472 lide
993 1426 1136 1474 soluturum
1154 1428 1274 1488 promisit.
1310 1430 1395 1477 Omni-

334 1491 382 1538 bus
401 1495 487 1538 etitem
503 1487 644 1537 accionibus
662 1505 704 1536 seu
729 1489 905 1536 otierrsionibus
928 1491 1105 1552 personalibus,
1123 1493 1234 1553 predicto
1258 1493 1351 1543 Abbuti
1370 1500 1397 1542 et

335 1555 477 1605 Conventui
496 1560 583 1602 contro
603 1555 754 1616 Episcopum
773 1559 940 1602 memoratum
959 1560 985 1602 ct
1005 1556 1065 1603 idios
1084 1572 1256 1620 quoscumque
1270 1559 1396 1607 oceusioue

334 1621 511 1683 premissorum
531 1619 738 1681 competentibus,
752 1619 826 1666 iidem
839 1620 923 1666 Abbas
935 1625 961 1668 et
971 1621 1116 1668 Conventus
1127 1624 1275 1671 rcuuncient
1286 1625 1395 1672 ornnino.

335 1687 459 1734 Volumus
490 1686 600 1746 iusuper,
629 1684 742 1742 dicimus,
771 1689 798 1730 et
831 1685 963 1732 laudemus
999 1685 1067 1748 qnod
1101 1687 1224 1735 Dominus
1259 1689 1396 1752 Episcopus

334 1757 488 1800 memoratus
517 1749 644 1797 universes
672 1749 854 1810 Suspensionis,
879 1748 1017 1810 Intudicti,
1045 1755 1072 1799 ct
1100 1751 1395 1802 Ermmmunimcionum

333 1817 478 1866 Senteneias
494 1815 520 1862 iu
533 1813 681 1876 premissum
694 1813 825 1873 Abbotcm,
839 1815 971 1861 monachos
983 1815 1096 1878 ejusdem
1109 1821 1134 1863 et
1148 1818 1246 1864 Fratres
1258 1819 1395 1867 Conversus

332 1899 361 1930 ac
378 1879 550 1929 ministeriales
567 1880 677 1941 ipsorum
695 1885 831 1940 exemptos,
848 1880 997 1926 arroteritate
1018 1881 1118 1928 Domini
1135 1881 1248 1942 ejusdem
1271 1883 1396 1932 ocensiono

334 1947 484 2010 injurius-um
497 1945 529 1992 hu
532 1944 642 2006 jusmodi
656 1945 831 2004 promulgatas,
844 1945 875 1991 ad
893 1945 1043 1992 consciencie
1060 1947 1206 2008 scrupulum
1218 1949 1396 2010 quotcumque

334 2013 482 2069 tollendum,
510 2009 604 2071 absque
632 2009 780 2056 difficultate
808 2009 900 2056 relaxet
922 2025 927 2066 ;
956 2017 982 2056 et
1010 2011 1078 2072 (prod
1107 2012 1230 2060 Dominus
1259 2013 1396 2075 Episcopus

334 2077 402 2126 mille
430 2091 523 2122 rnarcus
546 2079 669 2136 pretaetus
689 2089 768 2135 nsque
788 2075 818 2120 ud
845 2081 947 2121 eentum
967 2091 1061 2122 nmrcos
1084 2075 1177 2124 Abbnti
1199 2084 1225 2124 ct
1255 2079 1396 2126 Conventni

335 2141 452 2205 predictis
464 2140 585 2187 remittat.
621 2139 699 2198 Idem,
712 2155 776 2198 vero,
792 2138 915 2186 Dominus
928 2139 1064 2202 Episospus
1076 2141 1202 2202 predictus
1214 2142 1282 2190 mille
1293 2159 1395 2202 nrureas,

335 2209 368 2254 ob
380 2205 513 2267 Religionis
526 2209 552 2252 et
565 2203 666 2251 Domini
681 2203 885 2264 liegisiuvorem,
905 2209 930 2250 et
947 2205 978 2252 ad
997 2211 1111 2253 nostrum
1129 2213 1251 2266 spanus,
1270 2209 1397 2269 usquead

333 2277 436 2322 centum
448 2285 542 2317 mareas
553 2271 642 2330 sponte
662 2272 688 2316 et
707 2269 841 2315 liberaliter
860 2269 957 2315 remisit
976 2269 1068 2316 eisdem
1083 2285 1088 2326 ;
1106 2287 1167 2332 qum
1184 2271 1287 2334 (pridem
1296 2279 1397 2321 centnm

336 2353 431 2386 mareas
451 2335 517 2382 idem
536 2335 620 2382 Abbas
638 2333 677 2381 vel
695 2349 846 2380 sileressores
863 2334 985 2395 ejusdcm,
999 2350 1043 2394 pro
1064 2351 1089 2380 se
1111 2339 1136 2382 et
1153 2337 1285 2384 Conveutu
1304 2353 1356 2396 suo,
1370 2337 1395 2386 in

337 2403 418 2450 Pestis
440 2400 525 2448 Sancti
549 2398 675 2446 Michaelis
698 2403 723 2445 et
747 2398 840 2446 I'nsche
867 2399 1038 2460 sequentibus,
1062 2399 1087 2447 in
1117 2401 1226 2448 Ecclesia
1254 2401 1397 2450 Cuthedrali

337 2467 462 2530 premissa,
484 2463 591 2512 Domino
613 2464 740 2524 Episcopo,
758 2463 795 2510 vel
816 2479 861 2510 suo
881 2463 1070 2526 assignato,1n·o
1089 2466 1220 2526 equalibus
1240 2467 1397 2528 porcionibus

335 2533 432 2593 integre
444 2530 590 2593 persolvent
626 2527 795 2576 l'enitencium
807 2535 900 2578 alitem.
912 2529 933 2575 si
945 2545 1020 2590 sptium
1033 2529 1100 2577 idem
1120 2530 1242 2578 Dominus
1262 2531 1397 2594 Episcopus

338 2595 541 2646 rninisterialilnis
566 2593 694 2656 prelibatis
718 2593 784 2640 ultra
808 2593 964 2654 disciplinam
988 2595 1102 2655 superius
1127 2600 1273 2644 anuotutam
1297 2597 1398 2645 duxerit

337 2661 526 2724 injungendam,
545 2657 674 2720 disciplina
694 2665 799 2719 recepta,
820 2658 873 2705 eine
891 2658 1046 2718 dillicultute,
1070 2659 1191 2708 remittat
1227 2661 1397 2721 Decenrimus,

337 2729 421 2786 eciaur,
453 2725 520 2787 (prod
548 2723 631 2770 omniu
657 2727 683 2769 et
710 2723 807 2784 singula
835 2723 961 2784 premissa,
992 2723 1040 2771 sub
1066 2740 1128 2786 pena
1151 2731 1254 2774 centum
1278 2727 1398 2775 lilnarum

337 2809 352 2840 a
374 2790 491 2840 Portibus
519 2788 622 2850 pretatis
652 2787 827 2835 inviolabiliter
850 2787 1029 2837 observentur:
1054 2795 1080 2837 et
1107 2791 1173 2852 quod
1205 2791 1263 2840 Pars
1291 2791 1322 2840 ab
1350 2791 1398 2840 isto

338 2863 424 2905 nostro
452 2854 554 2902 arbitrio
576 2852 686 2900 resiliens
710 2853 778 2900 Parti
798 2853 865 2900 idem
887 2853 1018 2900 arbitrium
1036 2854 1178 2904 observanti
1200 2856 1279 2904 niceo
1296 2861 1398 2906 centum

339 2924 413 2970 libras
442 2919 565 2982 persolvat
592 2917 746 2978 integraliter
772 2917 825 2964 sine
854 2933 927 2965 rnors.
963 2919 1003 2966 Ad
1032 2919 1084 2973 hec,
1111 2936 1265 2968 reservamus
1292 2922 1399 2969 Domino

340 2987 401 3048 Regi
421 2992 448 3033 et
470 2983 540 3032 nobis
563 2988 713 3045 prtesbttem
731 2982 875 3030 cohercendi
898 2989 924 3030 et
940 2985 1104 3044 compellendi
1129 2986 1228 3034 l’artem
1247 2987 1398 3035 resilientem

338 3054 471 3100 aDecreto
492 3053 576 3096 nostro
594 3049 626 3095 od
644 3047 794 3094 solucionem
814 3063 875 3108 pene
895 3049 1026 3095 antedietc.
1064 3050 1115 3096 lice
1135 3056 1189 3097 aeta
1209 3051 1313 3099 inerunt
1331 3053 1398 3113 apud

340 3112 598 3170 westmonasterium,
615 3113 642 3175 iij
666 3113 750 3160 Nonas
769 3113 828 3160 hlaii
847 3112 872 3172 [5
885 3113 962 3176 lluyJ,
975 3115 1048 3162 Asino
1069 3115 1155 3162 Grncie
1169 3115 1212 3165 Mt
1227 3117 1285 3165 CU‘.
1299 3122 1398 3180 septua-

336 3182 430 3246 gesimo
441 3179 564 3242 septimo,
585 3177 622 3228 79.

286 3349 356 3414 The
372 3345 483 3410 Abbot
498 3342 565 3409 and
582 3341 733 3407 Gonvcnt
749 3341 784 3406 of
808 3341 835 3405 F
836 3341 913 3406 orde
929 3348 1060 3428 present
1079 3349 1113 3410 to
1136 3345 1399 3429 Thorneeombe;

336 3438 381 3498 13.
427 3435 492 3508 See,
504 3431 581 3506 also,
598 3428 833 3513 Poyhembury
850 3430 866 3512 (
874 3429 994 3512 lust.);
1024 3435 1073 3494 49.

238 3543 385 3614 Foreste‚
400 3535 488 3602 John
505 3533 554 3609 de,
569 3533 644 3596 inst.
660 3537 694 3596 to
710 3531 1150 3614 Bueklend-Moneehorum;
1179 3533 1244 3604 75¹³.

238 3647 409 3716 Formens,
424 3639 511 3703 Alon
527 3638 576 3713 de,
591 3659 640 3701 see
657 3635 829 3720 Pnignton.

238 3747 418 3822 Fortibusl,
441 3741 582 3807 Isobello
605 3739 654 3814 de,
677 3737 838 3804 (lountess
864 3739 899 3804 oi
922 3741 1109 3806 Albemerle
1132 3743 1256 3808 andei
1278 3743 1401 3822 Devon,

328 3837 476 3921 presente
492 3834 528 3894 to
544 3827 714 3904 Honiton;
736 3825 801 3893 77¹³.

442 4011 448 4016 ι
505 4009 513 4014 ,
530 4005 978 4013 ——---.—-.-———-—
994 4007 1035 4012 —
1051 4007 1140 4012 ——.

244 4135 255 4169 ¹
272 4133 385 4184 william
401 4133 432 4182 de
453 4128 580 4186 Fortibus,
605 4125 663 4174 Eorl
680 4125 706 4173 oi
726 4125 799 4174 Albe·
884 4126 962 4176 about
979 4131 1076 4189 twenty
1092 4142 1163 4189 years
1180 4127 1264 4175 before
1280 4127 1332 4176 this
1348 4145 1402 4191 pre·

280 4201 365 4258 merle,
388 4197 497 4248 mnrried
521 4192 602 4243 lsubol
627 4193 658 4239 de
684 4191 800 4251 liedvers,
885 4192 1019 4250 senhrtion,
1053 4193 1086 4254 by
1114 4191 1153 4240 his
1179 4192 1282 4253 Widow,
1299 4197 1327 4241 to
1358 4195 1403 4244 the

280 4267 403 4318 Coontess
412 4263 439 4313 oi
451 4263 539 4312 Devon
552 4275 557 4308 ι
578 4257 609 4307 he
622 4255 680 4306 died
691 4256 717 4305 in
730 4259 799 4316 1256,
885 4253 991 4321 Reitsuy
1003 4257 1029 4306 oi
1047 4257 1168 4305 Honiton.
