3252 4984
563 470 743 530 cnunnnn
759 475 889 532 uranx.
1239 463 1311 536 403

255 635 283 680 et
304 627 459 695 appendiciis
480 630 533 680 suis
549 645 594 694 per
616 631 803 680 Predsceasorss
824 635 923 681 nostros
945 631 1087 696 Episcopos,
1107 647 1167 682 cum
1189 649 1312 684 eonsennr

254 696 404 746 Exoniensis
421 695 539 760 Capituli,
554 696 604 746 rite
619 696 706 756 iactes,
722 695 907 756 Ordinationes,
924 697 1082 758 Tsmciones,
1101 698 1310 762 Composicionee,

254 762 340 822 eciam,
357 765 384 810 et
400 759 583 822 Oonoessiones,
601 760 732 824 Privilegis
748 761 820 810 Sedis
839 761 989 824 Apostolice,
1001 767 1028 811 et
1046 763 1227 827 indulgencias,
1246 765 1312 814 (ion-

255 826 417 887 firmsciones,
440 830 468 876 et
489 825 537 874 elia
563 825 712 890 multiplicia
739 826 904 876 Munimenta.
949 827 1090 890 Proposuit,
1110 827 1218 892 insuper.
1242 829 1314 879 idem

255 890 406 940 Procurator
424 891 451 940 in
470 891 551 940 iornrs
567 891 640 954 juris,
651 895 679 940 et
700 891 816 954 probavit
834 891 952 954 legitime,
965 891 1045 941 dictos
1064 892 1185 942 Dominus
1203 909 1262 943 arros
1287 899 1315 944 et

260 957 443 1019 predecessores
453 970 541 1004 eorum
554 960 704 1005 memoratas
712 956 840 1017 Ecclesiae,
852 971 911 1005 cum
921 955 997 1005 dictis
1003 956 1104 1020 juribus
1115 962 1142 1007 et
1153 959 1314 1021 pertinenciis

256 1020 807 1149 :fflffitrttffultttffl
819 1021 1157 1151 tit‘tttmtttltt
1172 1024 1315 1139 „litt

258 1121 469 1214 Proscripcidnem
480 1121 632 1210 οιιιοιιίωιιιζ
642 1153 670 1199 st
682 1150 780 1214 majori.
796 1123 803 1146 ’
814 1151 889 1201 Unde
905 1151 1057 1214 supplicavit
1071 1152 1139 1201 idern
1156 1153 1313 1215 Procurator,

257 1215 359 1264 nomine
374 1231 420 1264 suo
436 1219 464 1264 et
477 1215 603 1264 dictorum
620 1215 787 1264 Dominorum
803 1229 914 1276 suorum,
931 1219 1030 1265 etcum
1046 1216 1176 1278 instancia,
1193 1219 1314 1282 quatinus

258 1295 334 1342 super
355 1279 404 1329 hiis
423 1285 555 1329 eteorum
577 1279 682 1343 singulis
703 1279 730 1328 in
749 1295 809 1343 pace
831 1279 992 1330 dimittendis
1008 1280 1062 1330 iore
1084 1281 1184 1331 decerni
1207 1289 1234 1332 et
1255 1299 1314 1333 cum

259 1345 350 1394 effectu
362 1344 459 1394 dimitti
470 1361 477 1406 ;
494 1360 592 1394 necnon
602 1360 648 1408 pro
664 1344 706 1406 eis,
719 1344 751 1393 ob
766 1345 907 1393 literarum
916 1350 943 1395 et
959 1346 1191 1396 instrumentorum
1204 1363 1315 1410 suorum,

257 1409 351 1473 pariter
361 1409 532 1459 exhibitorum
542 1409 569 1458 in
579 1409 643 1472 jure,
652 1413 807 1458 vetustatem
814 1409 980 1471 manifestam,
992 1411 1178 1460 adfuturorum
1190 1413 1315 1462 eantelmn

260 1489 336 1538 super
355 1474 403 1524 hiis
421 1474 587 1539 pronuncieri,
598 1474 715 1537 ipsosque
731 1474 844 1523 Priorem
858 1479 886 1524 et
900 1475 1067 1538 Ocnventuur
1079 1481 1106 1525 et
1120 1491 1207 1526 eorum
1218 1493 1314 1527 succes-

260 1555 334 1600 sores,
346 1539 373 1588 in
384 1555 443 1603 pace
454 1539 620 1588 dimittendos
631 1540 684 1587 iore
695 1539 860 1602 imposterum
871 1539 970 1588 decerni
984 1545 1011 1589 et
1025 1540 1178 1603 judicialiter
1188 1542 1314 1603 declarari,

258 1609 406 1667 statumque
421 1604 534 1668 ipsorum
550 1609 604 1653 tam
619 1603 647 1652 in
664 1603 842 1667 Spiritus-libus
858 1619 935 1667 quarn
951 1604 978 1653 in
1000 1605 1190 1668 Temporalibus
1211 1612 1315 1670 paterne

259 1669 435 1718 consolacionis
462 1669 579 1732 suffiagio
606 1668 753 1718 confirmari
805 1669 865 1728 Nos,
895 1668 980 1732 igitur,
1002 1669 1136 1732 diligenter
1165 1675 1192 1720 et
1218 1671 1315 1721 solicite

260 1733 385 1798 inspectis,
397 1734 554 1794 examinatis,
566 1737 594 1782 et
607 1733 720 1797 cognitis,
733 1737 787 1782 tem
803 1749 848 1796 per
864 1749 910 1782 nos
926 1749 1004 1797 quam
1016 1750 1062 1798 per
1077 1735 1184 1785 Clerioos
1197 1741 1225 1785 et
1239 1737 1312 1786 com-

259 1799 383 1848 missarios
404 1807 502 1848 nostroe
519 1799 551 1847 sd
575 1799 622 1847 hoc
646 1798 785 1861 specialiter
806 1799 948 1862 deputatos,
970 1799 1045 1848 dictis
1072 1801 1313 1864 Appropriscionum

260 1865 358 1925 literis,
392 1863 606 1923 ordinacionibus,
634 1863 822 1923 Taxaoionibrn,
856 1863 1092 1926 (imposicionibus,
1115 1865 1253 1928 Privilegiis
1286 1873 1313 1916 et

260 1929 437 1992 Indulgeneiis,
454 1927 700 1988 Confirmecionibus,
717 1933 744 1976 et
765 1928 820 1976 aliis
841 1928 1000 1978 adminiculis
1022 1928 1057 1978 eis
1079 1929 1263 1992 opitulantibus
1286 1932 1312 1980 in

261 1993 307 2043 hsc
318 1999 396 2058 parte,
404 1993 464 2057 quia
474 1993 607 2042 maniieste
618 1993 779 2056 cognovimns
787 1997 813 2041 st
823 1993 965 2042 invenimus
973 1993 1031 2056 jura
1041 1995 1153 2057 ipsorum
1164 1996 1314 2045 sufficienoiu

261 2063 287 2107 et
306 2059 395 2108 titulos
422 2073 476 2108 esse
503 2057 636 2122 legitimos,
654 2057 813 2120 prelatasque
836 2059 1006 2107 Procuratoris
1027 2059 1134 2121 predicti
1155 2061 1265 2109 raciones
1286 2066 1314 2110 et

261 2123 417 2172 defensiones
444 2123 584 2186 propositas
610 2123 716 2171 veritate
742 2121 869 2183 subnixas,
896 2123 1056 2185 probacion'es
1083 2128 1110 2173 et
1134 2125 1314 2174 deelsrecionss

262 2189 363 2248 validas,
375 2193 402 2236 et
412 2187 560 2251 peticionem
572 2202 706 2236 consonam
714 2186 814 2247 raciom,
823 2201 882 2236 oum
893 2202 943 2236 non
954 2188 1036 2236 solum
1047 2188 1148 2238 Sacram
1160 2189 1314 2254 Religionem

262 2254 375 2315 plantare
398 2253 498 2312 scilicet,
522 2257 562 2301 set
584 2252 723 2314 plantatam
745 2251 836 2312 iuvere,
854 2253 934 2301 modis
961 2253 1078 2301 omnibus
1105 2254 1314 2316 debeamus-In

262 2317 371 2366 Nomine
383 2317 438 2377 Dei,
450 2319 537 2367 Arnen
572 2317 633 2378 Nos,
644 2317 728 2365 dictus
745 2317 894 2365 lineriensis
911 2317 1055 2380 Episcopus,
1068 2318 1100 2366 de
1110 2318 1313 2382 jurisperitorum

261 2383 363 2431 consilio
375 2383 445 2431 nobis
457 2381 631 2440 assidencium,
646 2397 732 2430 omnes
749 2387 776 2430 et
790 2381 901 2444 singulos
919 2382 1040 2430 Ecclesiae
1055 2383 1239 2446 prenominatae
1254 2399 1313 2432 cum

263 2447 370 2510 capellis
381 2447 433 2496 suis
449 2452 476 2496 et
491 2448 580 2496 ceteris
594 2447 695 2510 juribus
711 2446 893 2509 parochialibus
909 2450 937 2495 et
952 2447 1112 2510 appendiciis,
1121 2447 1201 2496 dictas
1213 2463 1314 2511 quoque

263 2513 393 2561 Porciones
414 2517 441 2560 et
463 2512 598 2560 Pensiones
620 2526 706 2559 omnes
724 2517 751 2559 et
772 2511 890 2574 singulos,
907 2511 1001 2560 endem
1021 2512 1101 2560 Priori
1122 2518 1150 2561 et
1171 2513 1314 2562 conventui

261 2577 393 2626 Bodminie
403 2583 430 2625 et
441 2592 527 2625 eorum
539 2575 721 2625 successoribus
737 2577 924 2639 imperpetuum
940 2577 1135 2639 appropriamus,
1147 2579 1313 2640 concedimus,

262 2647 289 2690 et
316 2643 478 2704 assignamus,
506 2643 584 2690 immo
628 2640 714 2704 pocius
746 2640 924 2704 appropriatus,
958 2641 1091 2702 ordinatas,
1124 2645 1258 2702 concaeses,
1287 2650 1314 2692 et

261 2707 398 2770 assignatas
420 2722 473 2756 esee
494 2706 611 2755 canonice
633 2705 659 2754 in
682 2705 730 2753 hiis
752 2705 857 2768 Scriptis
883 2706 1040 2754 decernimus
1061 2712 1089 2754 et
1108 2707 1270 2768 declaramus,
1287 2713 1314 2757 et

262 2787 337 2834 super
358 2777 465 2834 optentu
487 2785 574 2820 earum
596 2770 710 2818 omnium
730 2769 796 2832 ipsos
818 2769 929 2818 Priorem
951 2776 978 2819 et
1001 2771 1160 2820 conventum
1182 2772 1314 2820 Bodminie

262 2852 315 2884 esse
333 2836 467 2885 sufficienti
483 2837 540 2899 jure
555 2841 580 2884 et
597 2834 680 2884 titulis
698 2834 821 2883 canonicis
840 2835 914 2897 longa
932 2839 958 2884 st
976 2835 1083 2898 pacifica,
1102 2841 1131 2884 ut
1149 2836 1313 2899 premittitur,

265 2901 417 2964 possessione
453 2901 571 2949 munitos
626 2900 783 2963 Quapropter
809 2914 896 2948 omues
922 2905 949 2948 ct
978 2900 1089 2964 singulas
1116 2901 1238 2950 Ecclesiae
1259 2917 1313 2964 pre·

263 2967 412 3026 nominatas,
430 2981 489 3014 curn
507 2964 614 3028 capellis
630 2964 682 3014 suis
703 2969 731 3012 et
746 2963 846 3027 juribus
868 2964 992 3025 omnibns,
1012 2965 1143 3014 Porciones
1165 2981 1266 3029 quoque
1288 2971 1316 3014 et

263 3032 398 3080 Pensiones
428 3030 574 3090 antedictas,
599 3029 635 3078 eis
656 3035 684 3078 et
709 3043 797 3078 eorum
825 3029 1008 3078 successoribus
1032 3029 1218 3093 imperpetuum
1246 3031 1313 3094 judi-

261 3096 357 3145 cialiter
378 3094 563 3154 conflrmamus,
581 3098 609 3143 et
632 3109 674 3142 eos
696 3109 771 3156 super
792 3093 909 3142 omnibus
928 3099 955 3142 et
977 3093 1082 3157 singulis
1104 3095 1130 3143 in
1152 3111 1211 3158 poce
1228 3095 1313 3144 dimit·

262 3163 349 3222 timus,
366 3165 392 3210 et
413 3160 440 3209 in
457 3175 517 3224 pace
533 3159 698 3208 dimittendos
714 3159 767 3206 iore
791 3163 913 3222 perpetuo
930 3159 1084 3208 declaramus
1100 3171 1128 3208 et
1149 3159 1313 3210 derernimus.

263 3227 304 3285 lit,
325 3231 355 3274 ut
374 3224 569 3274 benivolenciam
588 3229 707 3284 nostram,
724 3223 751 3271 in
773 3239 824 3286 qus
838 3223 906 3285 ipsos
927 3223 1053 3286 quiescere
1074 3224 1198 3284 volumus,
1216 3225 1314 3286 plenius

262 3295 404 3353 agnoscant,
424 3290 525 3338 eosdem
547 3289 658 3337 Priorem
678 3293 705 3336 et
721 3287 881 3337 Conveniam
897 3292 924 3336 et
946 3288 1126 3337 Monasteriurn
1146 3304 1229 3350 suum,
1246 3291 1315 3352 quod

262 3357 294 3404 de
312 3356 405 3405 Ordine
422 3354 604 3404 canonicorum
619 3352 782 3416 Regularlum
797 3352 914 3400 canonice
929 3353 1067 3402 fundatum
1081 3369 1134 3402 esse
1145 3355 1314 3416 cognovimus,

264 3420 388 3469 Beneficia
413 3435 459 3468 sus
484 3418 576 3479 omnis,
604 3417 742 3476 Porciones,
766 3417 907 3477 Pensiones,
935 3433 975 3465 res
1005 3433 1071 3478 suas,
1093 3418 1265 3482 possessiones,
1288 3423 1315 3467 et

262 3485 320 3547 jura
336 3501 381 3533 sus
398 3483 489 3541 omnia,
509 3484 557 3532 sub
579 3483 651 3532 Beati
668 3481 743 3541 Petri,
760 3481 937 3544 Apostolorum
954 3482 1083 3544 Principis,
1100 3483 1204 3531 Patroni
1229 3483 1316 3544 nostri,

263 3555 348 3598 nostra
377 3550 456 3598 eciem
484 3553 511 3596 et
548 3547 659 3611 Capituli
688 3546 769 3595 nostri
801 3546 949 3595 lineriensis
976 3547 1132 3609 proteccione
1159 3547 1317 3610 suscipimus,

264 3615 374 3663 tuicione
391 3619 418 3663 et
437 3612 582 3662 defensione
599 3611 736 3673 munimus,
756 3615 783 3659 ct
802 3611 838 3660 cis
857 3610 987 3660 indultum
1004 3627 1056 3660 esse
1074 3612 1190 3661 canonice
1209 3613 1317 3662 declara·

263 3695 321 3728 mus
342 3684 378 3740 ut,
391 3679 459 3727 dicto
477 3677 571 3727 Ordine
585 3677 648 3726 inibi
665 3680 787 3739 perpetuo
803 3681 972 3738 permanente,
989 3677 1100 3736 cedente,
1118 3676 1157 3725 vel
1173 3677 1317 3738 decedente,

264 3744 322 3792 Loci
334 3744 404 3792 Prior
419 3743 573 3806 quicumque
588 3757 633 3805 pro
648 3745 761 3804 tempore
777 3740 864 3800 fuerit,
876 3740 961 3789 nullus
979 3740 1014 3789 ibi
1030 3741 1142 3804 qualibet
1153 3741 1317 3804 surrcpcionis

264 3808 378 3857 hrtstucia
389 3809 431 3857 vel
441 3807 561 3856 violencie
571 3811 731 3870 preponatur,
743 3809 783 3853 set
794 3820 870 3868 quem
888 3805 995 3865 Fratres,
1008 3805 1119 3868 Capituli
1133 3805 1173 3853 sui
1189 3807 1317 3855 communi

263 3889 393 3933 consensu,
417 3872 456 3922 vel
478 3873 584 3920 Fretum
606 3886 664 3934 pars
686 3869 781 3918 consilii
802 3869 906 3918 senioris
927 3871 1066 3918 secundum
1090 3870 1173 3918 Βοιιιιι
1195 3874 1222 3918 et
1243 3871 1315 3919 Beati

263 3937 401 4000 Augustini
420 3936 543 4000 Regulam
564 3935 685 3984 duxerint
706 3934 872 3997 eligendum:
897 3933 965 3982 salva
986 3933 1058 3982 nobis
1080 3939 1106 3982 et
1128 3935 1316 3984 successoribus

263 4003 355 4051 nostris
376 4001 516 4064 llpiecopaii
534 3999 658 4063 dignitate
677 4003 703 4047 et
721 3998 851 4062 jure—In
870 3999 944 4061 cujus
960 3999 997 4046 rei
1014 3999 1189 4048 testimonium
1205 3999 1315 4062 sigillum

264 4073 379 4116 nostrum
402 4065 564 4115 Presentibus
585 4063 677 4127 epponi
698 4063 804 4112 fecimus
826 4068 853 4111 et
875 4063 906 4111 ad
929 4063 1075 4111 memoriam
1097 4065 1315 4126 sempiternam.—

264 4133 361 4181 Datum
380 4131 407 4180 in
431 4129 549 4194 Capitale
571 4135 657 4178 nostro
679 4128 822 4188 Exoniensi,
842 4127 883 4176 die
906 4127 977 4176 Lune
998 4128 1113 4190 proxima
1135 4133 1192 4190 post
1212 4129 1317 4178 Festum

261 4195 442 4246 Translacionis
467 4194 553 4244 Sancti
575 4193 678 4243 Martini
701 4193 727 4255 [6
750 4191 831 4255 Julyl
848 4192 923 4240 Anno
947 4191 1034 4241 Grscie
1060 4192 1163 4241 Domini
1185 4193 1229 4242 tn.
1254 4193 1316 4243 00⁰.

263 4261 423 4325 nonogesimo
441 4275 515 4320 nono,
532 4263 559 4308 et
576 4256 775 4308 consecracionis
788 4261 873 4306 nostre
889 4257 1077 4316 octavo—Nos,
1096 4257 1181 4320 igitur,
1201 4257 1318 4307 Decanus

262 4331 289 4376 et
314 4327 461 4390 Capitulum
480 4323 645 4386 antedictum,
664 4321 802 4390 prehabitis
826 4321 1005 4376 defibomciom
1028 4321 1134 4390 provide
1158 4327 1185 4377 et
1206 4327 1318 4376 natatu

317 4399 388 4472 20²
