3282 4992
512 465 587 518 rus
618 465 763 520 ursum
789 465 997 522 merrus.
1268 444 1340 516 483

281 619 392 684 Ideoque
403 618 503 672 mundi¹
514 621 617 670 sabelus
629 621 691 670 totis
707 620 803 671 viribus
819 621 923 682 invidet,
935 619 1026 671 suedet
1039 619 1145 681 mulieri,
1156 617 1247 668 mulier
1257 617 1341 666 mum

281 685 335 746 (sio)
348 701 354 744 ;
364 701 408 748 per
416 685 558 734 suasionem
566 692 643 749 etque
651 703 694 749 per
702 685 899 736 inobedienciam
908 686 982 736 smbo
991 685 1089 749 decepti
1097 689 1159 734 eunt
1166 683 1341 733 fraudulenter

280 766 325 813 per
335 755 440 813 gustum
452 751 520 814 pomi
531 751 593 815 ligni
605 751 685 812 vetiti,
697 755 775 814 etque
785 750 922 800 amenitate
933 751 1052 814 Paredysi
1063 749 1156 814 dejecti
1171 753 1232 798 eunt
1247 748 1275 797 in
1292 747 1340 795 hoo

280 830 431 878 erumpnoso
441 816 532 876 seculo,
544 821 572 864 et
582 816 664 864 letum
675 815 722 864 sibi
734 831 762 864 sc
773 816 879 878 posteris
890 821 1089 879 promeruerunt,
1101 820 1179 878 atque
1195 814 1222 862 in
1241 817 1339 861 tetrum

281 879 366 944 sbyssi
376 880 483 930 demersi
494 885 562 930 sunt
597 881 642 930 Set
653 881 699 930 hoc
712 881 850 929 misericors
861 886 889 930 et
899 881 1025 944 piissimus
1037 882 1112 930 Peter
1130 878 1241 928 indoluit
1259 877 1340 940 perire

280 949 335 993 tum
346 945 391 994 diu
402 944 512 994 nobilem
524 951 672 1006 creaturam,
684 945 730 995 Sui
749 945 892 1010 ymaginem
902 959 908 1002 ;
928 947 1046 995 mhertus
1057 950 1096 994 est
1114 943 1199 1008 generi
1209 943 1320 991 humano
1331 957 1337 999 ;

280 1009 350 1058 misit
367 1009 440 1058 nobie
459 1009 486 1060 in
504 1014 625 1073 tempore,
645 1010 673 1060 id
692 1016 732 1059 est
750 1015 807 1074 post
827 1011 954 1074 quinoque
971 1011 1040 1060 milis
1059 1025 1190 1064 annorum,
1208 1007 1338 1070 proprium

282 1073 375 1122 Filium
386 1075 477 1136 Suum,
493 1079 524 1124 ut
543 1075 669 1124 mundum
689 1075 817 1138 perditum
836 1075 928 1124 iterum
948 1080 1093 1130 renoveret;
1113 1083 1147 1124 ut.
1162 1073 1228 1122 sicut
1248 1072 1338 1120 mulier

280 1138 370 1202 genuit
380 1143 489 1189 mortem
499 1140 603 1198 mundo,
614 1140 651 1189 its
663 1156 706 1203 per
717 1139 848 1189 mulierem
858 1141 932 1190 enixa
942 1146 981 1189 est
992 1139 1064 1189 nobis
1080 1139 1169 1188 vitain
1181 1137 1291 1188 mundo:
1311 1141 1338 1184 et

281 1204 348 1253 sicut
369 1219 413 1268 per
434 1205 555 1254 delictum
578 1205 633 1254 Ado
655 1220 741 1254 omnes
763 1205 910 1266 corruimus,
934 1207 971 1254 its
990 1221 1034 1268 per
1057 1203 1226 1254 obedienciam
1245 1200 1338 1251 Christi

281 1269 449 1326 eumeximue3
462 1273 488 1318 et
500 1269 566 1318 sicut
577 1284 644 1318 more
655 1285 699 1333 per
710 1269 808 1332 lignum
819 1269 933 1328 intrivit,
944 1270 981 1318 ita
991 1275 1017 1319 et
1026 1270 1079 1318 vita
1089 1285 1133 1332 per
1141 1269 1239 1330 lignum
1246 1267 1338 1316 Sancte

282 1331 368 1382 Crucis
385 1333 463 1394 venit,
482 1337 509 1382 et
527 1335 662 1398 antiquum
682 1334 812 1383 inimicum
828 1335 963 1398 superavit,
982 1339 1008 1384 et
1023 1335 1096 1384 iortis
1115 1334 1206 1382 hrrism
1226 1331 1338 1394 slligavit

281 1402 307 1446 et
318 1399 344 1446 in
360 1398 411 1447 imo
425 1399 525 1448 baratro
535 1400 647 1448 retrusit
681 1399 755 1448 Juste
770 1399 846 1462 periit
860 1400 903 1462 qui
919 1399 1015 1462 injuste
1032 1398 1147 1463 decepit;
1164 1403 1240 1460 etque
1253 1411 1339 1444 omnes

280 1463 405 1526 antiquos,
417 1468 515 1512 esum
525 1469 652 1524 turmes,s
662 1463 733 1512 isuoe
745 1464 845 1527 pessimi
855 1464 933 1513 leonis
944 1465 980 1514 eri
998 1465 1044 1526 uit,
1053 1476 1079 1513 et
1090 1476 1162 1512 ovem
1174 1462 1299 1526 perditam
1310 1461 1336 1508 in

280 1527 500 1604 humerisUposuit,
512 1533 539 1578 st
555 1529 587 1578 ed
603 1529 735 1592 antiquom
751 1529 858 1592 patriam
874 1481 1017 1592 [reduxiil²
1035 1535 1061 1578 et
1076 1529 1199 1578 decimam
1217 1527 1337 1577 Ordinem

250 1593 554 1721 Uddffipieghstldslridus
573 1663 747 1722 compunctus,
770 1658 817 1707 Dei
834 1658 1003 1708 misericordis
1022 1659 1103 1708 tocius
1125 1657 1238 1707 Albionis
1260 1659 1337 1704 ceter-

282 1737 405 1786 arumque
426 1723 541 1786 gencium
565 1723 687 1772 triviatim
710 1723 900 1786 persistentium
924 1724 1041 1784 Basileus,
1065 1725 1127 1772 dum
1150 1723 1338 1786 plurimumque

282 1787 415 1850 cogitarem
438 1788 470 1836 de
494 1788 573 1851 hujus
594 1789 671 1836 seculi
699 1788 785 1837 caduci
812 1789 888 1837 rebus
913 1789 1063 1838 transitoriis
1082 1788 1208 1852 quomodo
1231 1785 1338 1848 superni

282 1850 403 1901 Arbitris‘
423 1853 537 1901 examine
556 1859 646 1902 cuncte
663 1869 712 1915 que
729 1853 848 1902 videntur
866 1869 929 1902 vane
949 1859 1017 1912 sunt,
1038 1859 1065 1902 et
1084 1869 1133 1916 que
1151 1869 1200 1900 non
1220 1851 1339 1899 videntur

281 1921 384 1976 eterns;
401 1922 501 1966 etcum
520 1919 553 1966 de
572 1918 721 1966 transitoriis
741 1919 816 1966 rebus
836 1924 957 1982 perpetue
974 1919 1067 1982 premia
1087 1917 1271 1979 acquirentem
1289 1931 1339 1978 que

281 1982 313 2030 dc
333 1998 359 2030 re
379 1997 446 2030 nunc
466 1983 588 2045 patefacio
610 1983 728 2031 omnibus
748 1983 882 2032 Catholicis
902 1985 978 2046 quod,
997 2000 1055 2032 cum
1075 1983 1176 2032 coneilio
1192 1987 1219 2030 et
1238 1980 1340 2029 licencia

284 2046 463 2109 Episcopomm
479 2062 508 2095 sc
531 2047 682 2110 Principum,
703 2052 730 2096 et
749 2049 862 2096 omnium
886 2048 1045 2111 Optimstum
1068 2063 1188 2106 meorum,
1207 2047 1276 2108 quod
1294 2061 1339 2107 pro

283 2125 367 2159 amore
388 2111 489 2160 Domus
507 2112 605 2160 Noerar
622 2113 701 2160 lsrsu
721 2113 828 2162 cenrsrr
844 2117 920 2176 etque
936 2113 1022 2161 Sancti
1040 2107 1192 2162 confessoris
1213 2109 1338 2169 Germani,

284 2191 380 2223 necnon
403 2180 430 2224 et
451 2176 521 2225 Besti
547 2177 640 2225 Eximii
663 2177 769 2237 Petroci,
792 2193 837 2240 pro
859 2178 1031 2240 redempcione
1053 2178 1135 2226 anime
1157 2191 1219 2226 mee.
1242 2179 1267 2223 et
1295 2191 1339 2237 pro

284 2239 442 2288 absolucione
462 2240 595 2290 criminum
618 2257 739 2303 meorum,
762 2241 853 2290 donavi
882 2242 1042 2306 Episcopium
1071 2241 1188 2290 Eeldredi
1213 2239 1336 2304 Episcopi,

285 2305 311 2353 id
330 2309 376 2362 esi,
396 2305 424 2354 in
444 2305 574 2354 Provincia
593 2307 725 2366 Cornubie,
749 2312 779 2355 ut
797 2307 875 2355 libere
890 2307 930 2366 sit,
949 2307 1022 2369 eique
1039 2306 1154 2369 subjecte
1173 2305 1339 2366 omnibusque

285 2369 391 2434 posteris
413 2371 472 2430 suis,
493 2375 524 2419 ut
543 2371 596 2434 ipse
618 2371 742 2433 gubernet
760 2375 837 2434 atque
859 2377 929 2434 regat
951 2387 1023 2420 susm
1046 2371 1186 2434 parochiam
1204 2369 1278 2417 sicuti
1298 2369 1339 2416 ulii

285 2434 401 2498 Episcopi
419 2435 464 2497 qui
483 2441 544 2484 sunt
564 2436 589 2484 in
610 2450 666 2484 mes
684 2437 786 2484 dicione.
822 2437 902 2484 Locus
920 2441 997 2499 etque
1014 2437 1123 2499 regimen
1141 2435 1225 2484 Sancti
1243 2433 1341 2481 Pctrcci

285 2515 383 2562 semper
404 2501 431 2548 in
453 2504 580 2562 poteeieto
603 2501 659 2562 ejus
681 2501 715 2548 sit
742 2516 962 2564 numerorumque
989 2502 1062 2550 illius.
1109 2501 1198 2562 ltaque
1227 2499 1339 2547 omnium

285 2563 406 2626 regalium
424 2563 578 2614 tributorum
595 2565 672 2614 libers
689 2567 724 2614 sit
742 2569 819 2628 etque
839 2566 921 2615 lsxsta
943 2567 967 2614 vi
984 2571 1129 2615 erectorum
1146 2580 1249 2628 operum
1267 2579 1338 2624 pense

285 2629 398 2691 liumque
418 2644 555 2689 ccrrmmm,
575 2645 670 2678 necnon
700 2635 727 2678 et
744 2631 830 2678 iurum
852 2631 1077 2693 comprehensione,
1097 2637 1237 2690 cunctaque
1264 2628 1341 2676 seculi

286 2693 414 2756 gravidine
433 2695 495 2754 (sic),
515 2696 609 2757 absque
629 2695 680 2743 solu
699 2695 858 2758 expedicione
880 2695 968 2758 etque⁵
988 2696 1065 2744 libers
1087 2694 1265 2758 perpetualiter
1286 2708 1339 2755 per-

286 2764 393 2807 moneat
429 2759 594 2822 Quicumque,
602 2775 668 2819 ergo,
681 2759 727 2807 hoc
735 2775 826 2822 augere
836 2765 913 2823 etque
925 2759 1092 2823 multiplicer-s
1101 2759 1214 2818 voluerit,
1224 2757 1341 2820 amplicet

287 2823 356 2872 Deus
367 2823 511 2872 bonoillius
528 2825 555 2872 in
570 2825 669 2887 regione
684 2825 833 2884 vivencium,
842 2840 952 2888 pscequs
966 2831 1052 2874 nostre
1068 2825 1239 2888 conglutinata
1256 2824 1341 2884 vigens

286 2893 313 2936 et
334 2887 431 2948 florens,
449 2893 526 2951 utque
545 2889 612 2938 inter
633 2889 732 2951 agmine
750 2889 913 2938 beatitudinis
929 2889 1039 2953 tripudia
1058 2890 1176 2938 succedet
1194 2888 1239 2950 qui
1257 2893 1341 2936 nostre

287 2952 436 3001 Donecionis
458 2951 569 3002 muneri⁶
591 2954 738 3003 consenciat.
774 2954 865 3017 Siquis,
883 2969 949 3012 vero,
961 2959 1013 3003 tam
1033 2955 1207 3017 epilempticus
1222 2952 1342 3015 philmgie

287 3017 341 3078 (rio)
360 3018 480 3066 seductus
499 3018 618 3080 ameneio,
638 3019 707 3081 quod
727 3033 778 3067 non
800 3024 924 3082 optamus,
943 3019 1007 3068 hanc
1026 3025 1110 3067 nostre
1133 3019 1265 3067 elemosine
1281 3018 1340 3080 dep-

288 3081 408 3131 silitetem
431 3097 492 3130 suso
515 3083 647 3132 temerario
677 3083 812 3146 infringere
841 3085 1011 3146 temptaverit,
1041 3085 1076 3132 sit
1103 3083 1155 3146 ipse
1182 3083 1305 3131 alienatus
1327 3097 1342 3129 s

287 3147 413 3195 consorcio
437 3148 528 3196 Sancte
550 3147 597 3196 Dei
620 3147 735 3210 Ecclesie,
755 3163 801 3196 nec
823 3163 873 3196 non
896 3153 922 3197 et
944 3165 958 3196 s
981 3148 1170 3212 psrticipacione
1188 3147 1342 3196 Seeroeancti

288 3211 404 3274 Corporis
422 3216 449 3260 et
468 3212 602 3276 Sanguinis
623 3213 698 3261 ihesu
718 3213 819 3270 Christi,
837 3212 894 3261 Filii
909 3213 962 3272 Dei,
980 3229 1024 3276 per
1036 3215 1116 3273 Quem
1132 3218 1203 3262 totus
1217 3217 1340 3260 terrerum

287 3275 355 3325 orbis
365 3276 398 3324 eb
410 3276 515 3340 entique
526 3277 631 3326 humsni
641 3277 738 3340 generis
749 3277 850 3326 inimico
863 3277 983 3326 liberetur
999 3284 1044 3338 est,
1056 3283 1151 3326 etcum
1163 3277 1234 3336 Iuda
1248 3276 1342 3326 Christi

288 3341 422 3404 proditore,
443 3341 545 3391 sinistre
567 3343 592 3390 in
616 3347 687 3406 psute
709 3343 853 3405 deputatus,
877 3343 903 3391 ni
925 3343 994 3406 prius
1015 3342 1055 3391 hic
1074 3343 1150 3405 digne
1171 3341 1342 3390 satisfaccione

287 3405 392 3454 humilis
403 3406 542 3469 penituerit
552 3407 619 3468 quod
633 3405 740 3470 [contre]
752 3408 870 3457 Sanctum
882 3407 928 3456 Dei
946 3407 1079 3456 Ecclesium
1092 3407 1195 3456 rebelles
1207 3407 1258 3468 (sic)
1271 3421 1342 3468 cgere

287 3471 448 3534 presumpsit,
459 3486 506 3519 nee
517 3471 543 3519 in
555 3472 607 3520 vita
619 3471 664 3520 hec
676 3472 784 3534 prectics
792 3472 890 3520 veniam
900 3487 945 3520 nec
956 3473 982 3521 in
993 3472 1103 3521 theorice
1110 3472 1221 3534 requiem
1230 3475 1344 3534 apostata

287 3535 401 3598 optinent
425 3535 511 3596 ullum,
534 3541 571 3585 set
595 3537 688 3586 eternis
711 3537 803 3585 baratri
826 3537 945 3586 incendiis
968 3543 1053 3586 trusus
1080 3537 1174 3600 jugiter
1191 3537 1344 3584 miserrimus

288 3600 422 3650 crucietur.
458 3600 534 3649 Anno
550 3601 681 3650 Dominice
698 3601 880 3650 incarnacionis
897 3601 1052 3651 D·C·C·C·C·
1070 3601 1124 3650 XO·
1141 3602 1186 3663 iiij,
1204 3601 1345 3650 Indiccione

288 3664 345 3728 vij⁸,
364 3665 458 3728 scripte
476 3671 516 3714 est
536 3665 583 3714 hec
599 3666 703 3716 Cartuls
718 3667 750 3714 ab
768 3666 909 3715 Venerabili
925 3667 1115 3730 Archiepiecopo
1132 3667 1244 3726 Sicsrico,
1265 3667 1344 3714 Doro·

288 3729 417 3778 bernensis
436 3729 552 3790 Eccleeie,
565 3729 644 3779 hu'us
666 3731 838 3780 munificentie
857 3731 995 3794 singraphe.
1033 3730 1088 3780 iliis
1106 3731 1223 3780 Testibus
1242 3746 1343 3779 consen-

288 3793 420 3856 cientibus,
439 3809 548 3858 quorum
569 3795 575 3808 '
606 3795 672 3844 erius
692 3795 795 3844 nomine
816 3796 954 3844 dsussstim
972 3795 1080 3844 Domino
1097 3796 1246 3858 disponente
1264 3811 1342 3843 ‹urec-

288 3859 489 3973 uncus-pgr
516 3859 663 3920 Adelredus,
687 3860 817 3910 Briisnuie
844 3861 925 3910 tocius
951 3861 1109 3922 Menarchus,
1141 3861 1228 3924 Hugye
1257 3859 1344 3910 Crsroie
1429 3909 1435 3918 ,

287 3927 400 3972 tsumste
410 3939 438 3972 ro
456 3924 529 3974 crevi

192 4032 199 4062 ¹
218 4033 347 4094 “mund'’
365 4035 417 4084 Me.
790 4035 800 4068 ⁴
817 4035 918 4085 arbitris
928 4051 975 4100 pro
986 4035 1080 4084 arbiter
1090 4035 1227 4096 (D'Arm's).

190 4095 326 4162 'rodtrud
338 4099 421 4150 sddetl
435 4099 514 4150 sbove
525 4101 570 4150 the
586 4101 636 4150 line
647 4101 682 4164 by
694 4101 740 4164 Bp.
790 4100 900 4164 ‘ecqud
919 4101 993 4150 After
1014 4100 1066 4149 this
1083 4101 1157 4161 word,
1175 4115 1290 4148 semeone
1321 4097 1343 4162 (I

223 4163 383 4213 Crendisson.
824 4165 1128 4226 think,Grsndisson),has
1136 4165 1248 4214 inserted
1260 4166 1274 4188 ‘⁰
1282 4181 1342 4228 pon·

191 4223 203 4256 ⁸
222 4226 291 4278 Unde
301 4228 353 4291 dtu]
365 4229 518 4280 Grendisson
527 4230 571 4280 has
580 4231 683 4280 msrhed
693 4230 743 4279 this
825 4231 892 4280 cium
904 4231 1116 4279 mustruceioness’

223 4293 263 4341 lor
273 4309 289 4342 a
299 4309 355 4343 new
468 4295 518 4359 ph;
535 4295 742 4358 writing,slso‚in
791 4293 802 4324 ⁶
818 4292 925 4354 moeni]
935 4295 1036 4356 muniri,
1048 4295 1100 4344 MS.

224 4356 419 4422 themsrgin,“
455 4360 613 4414 icliotsil'’

341 4425 421 4500 211·
