3224 4984
285 451 332 526 42
534 443 1203 530 nunoneaounaoonnn'anneranna

355 629 430 680 Anno
451 630 546 690 eodem,
569 627 606 694 xij
630 629 757 680 Mandas
776 631 887 690 Augusti
909 629 949 692 [21
969 629 1049 694 Julyl,
1072 629 1140 680 idem
1162 629 1375 694 archiepiscopus,
1398 645 1444 694 per

387 695 487 744 clerium
498 710 564 754 ιιιοι,
575 693 688 744 visimvit
698 695 810 744 Priorem
821 701 847 744 et
859 696 1018 745 conventum
1030 695 1148 744 Tottonie
1159 713 1165 756 ;
1184 697 1224 745 20.

354 759 429 809 Anno
451 760 547 820 eodenn
570 759 597 824 xj
621 759 747 808 Kalendas
770 759 880 822 Augusti
903 760 945 821 [22
967 759 1048 823 July],
1071 760 1138 809 idem
1160 759 1376 824 Archiepiscopus,
1398 775 1443 823 per

387 824 488 874 clericos
496 839 562 885 suos,
574 823 687 874 visitavit
698 825 809 874 Priorem
820 831 848 874 et
860 825 1019 874 Conventum
1031 824 1184 888 Plimptonie
1196 841 1202 884 ;
1219 825 1278 874 uid

355 889 430 938 Anno
449 889 536 938 eodem
554 905 571 938 x
590 889 716 938 Kalendas
733 889 842 952 Augusti
860 889 902 950 [23
922 889 1003 953 Jut51,
1021 889 1145 938 Dominus
1164 889 1378 954 Archiepiseopus,
1397 905 1442 952 per

387 953 488 1002 clericos
498 969 564 1013 suos,
573 953 683 1002 visitavit
696 953 821 1002 Abbatem
833 959 859 1003 et
871 955 1030 1004 conventum
1042 954 1198 1014 Tavistokis;
1215 955 1274 1004 ibid.

353 1019 435 1078 Anno,
447 1019 495 1078 die,
514 1019 569 1068 loeo
585 1019 703 1082 predictis
721 1016 764 1082 [20
780 1017 874 1082 July‚¹]
894 1020 961 1082 apud
980 1020 1111 1080 Exoniarn,
1131 1020 1210 1068 exivit
1227 1020 1265 1067 W.
1283 1019 1314 1067 de
1332 1019 1439 1082 Capella,

385 1099 443 1132 cum
456 1083 550 1132 clericis
566 1083 668 1132 Domini
685 1083 869 1148 Archiepisoopi
886 1083 1053 1143 visitantibus,
1071 1088 1097 1132 et
1113 1085 1189 1133 rediit
1205 1083 1246 1132 die
1260 1083 1363 1133 Sabbati
1381 1089 1441 1132 ante

385 1148 425 1196 Ad
441 1147 548 1196 Vincula
564 1147 606 1208 [30
617 1145 699 1211 July],
714 1149 782 1210 apud
799 1147 988 1208 Sudtautone²3
1014 1155 1041 1197 et
1051 1149 1076 1197 in
1088 1149 1196 1198 mantino
1207 1148 1299 1204 exivit;
1318 1153 1344 1197 et
1354 1153 1440 1211 postea

386 1212 468 1272 rediit,
487 1213 554 1276 apud
573 1213 695 1264 Sanctum
713 1213 875 1272 Germanum,
893 1213 933 1262 die
949 1214 1020 1262 Luna
1036 1219 1093 1277 post
1112 1214 1153 1262 Ad
1169 1214 1282 1274 Vincula,
1296 1213 1322 1262 in
1339 1213 1440 1263 Octabis

385 1277 448 1326 dicti
459 1277 527 1326 Festi
539 1277 564 1338 [8
574 1275 650 1340 Aug]
662 1292 738 1340 prope
750 1277 852 1326 Brsneis
860 1275 1025 1342 [Bradninch]
1038 1295 1044 1338 3
1062 1277 1119 1328 ttici

353 1341 427 1391 Anno
444 1342 538 1402 eodem
551 1342 577 1390 ix
595 1341 720 1390 Kalendas
738 1341 847 1406 Augusti
867 1341 909 1406 [24
925 1342 1005 1405 July],
1023 1343 1229 1406 Archiepisoopus
1245 1342 1438 1401 cantuariensis,

385 1423 429 1470 per
439 1407 539 1456 clericos
550 1422 615 1466 suos,
628 1407 740 1455 visitavit
749 1407 859 1456 Priorem
870 1412 897 1455 et
908 1407 1067 1457 conventum
1080 1409 1251 1457 Lanoevetme
1263 1425 1270 1468 ;
1282 1407 1340 1456 itia

353 1471 427 1520 Anno
445 1473 540 1531 eodem,
560 1471 601 1520 die
621 1471 706 1520 Sancti
728 1471 815 1520 iacobi
838 1472 880 1532 [25
906 1470 986 1536 Julyl.
1010 1473 1076 1520 idem
1100 1473 1308 1536 Amhiepiseopus
1329 1472 1440 1520 visitavit

386 1536 496 1585 Priorem
505 1541 532 1586 et
543 1536 703 1585 Conversum
715 1537 853 1596 Bodminie,
866 1553 911 1600 per
922 1537 1022 1586 eosdem
1036 1553 1042 1596 ;
1054 1536 1114 1586 ibid.

353 1601 427 1650 Anno
438 1597 547 1664 [eodem]
560 1601 595 1664 vij
614 1601 740 1650 Kalendas
756 1601 865 1664 Augusti
882 1602 925 1662 [26
936 1602 1017 1665 luly],
1029 1603 1096 1650 idem
1108 1601 1314 1664 Archiepiscopus
1326 1601 1438 1650 visitarit

385 1665 495 1714 Priorem
507 1671 534 1715 et
545 1665 704 1715 conventum
716 1667 747 1714 de
758 1665 920 1729 Tywerdrait,
932 1683 977 1730 per
987 1667 1086 1715 eosdem
1102 1682 1108 1726 ;
1120 1666 1178 1716 atta

353 1730 426 1779 Anno
437 1731 532 1787 eodem,
545 1745 562 1778 v
573 1731 699 1780 Kalendu
710 1731 820 1794 Augusti
831 1731 873 1791 [28
884 1731 901 1781 J
905 1731 964 1795 uly],
977 1731 1101 1780 Dominus
1109 1731 1316 1794 Archiepisoopue
1326 1730 1438 1780 aidtavit

384 1793 510 1845 Abbatem
521 1799 548 1844 et
559 1796 719 1845 conventum
735 1795 898 1854 Hertilondie,
911 1811 955 1858 per
965 1797 1064 1845 eosdem
1076 1813 1081 1856 ;
1099 1795 1159 1846 idid.

353 1860 434 1921 Anno,
451 1861 511 1920 loco,
529 1865 556 1909 et
572 1861 613 1909 die
629 1861 723 1909 eisdem
734 1857 760 1922 [9
773 1859 845 1909 Dec.³
858 1859 928 1920 1277,
948 1861 1040 1924 “apud
1057 1859 1238 1924 Horsleghe¹'],
1257 1861 1337 1910 exirit
1356 1861 1439 1910 Litana

384 1925 488 1974 subhac
499 1925 580 1974 iorma
592 1925 765 1984 :-Walterus,
780 1925 827 1974 Dei
844 1926 931 1974 Gracia
949 1926 1096 1975 Exoniensis
1114 1926 1259 1989 Episcopus,
1268 1925 1368 1974 dilectis
1380 1925 1437 1974 filiis

384 1991 483 2038 Decano
504 1990 638 2039 Exoniensi
652 1995 680 2038 et
698 1989 802 2039 Officinli
819 1995 905 2038 nostro
920 1991 1035 2050 salutem,
1051 1991 1167 2054 granam,
1186 1998 1213 2039 et
1229 1990 1434 2039 benediccionem

384 2055 487 2104 Statuta
499 2055 630 2104 Canonum
642 2070 670 2103 eo
683 2055 795 2104 strictius
807 2055 879 2104 decet
889 2055 1013 2104 observari
1025 2071 1076 2119 quo
1086 2055 1186 2120 gravius
1197 2055 1340 2118 puniuntur
1350 2071 1435 2104 eorum

383 2119 529 2179 desertores,
546 2135 605 2168 cum
621 2135 697 2182 super
712 2119 759 2168 hoc
774 2119 881 2168 convicti
902 2121 1005 2180 iueriut,
1025 2137 1126 2184 quoquo
1141 2121 1222 2169 modo.
1258 2121 1331 2180 Cum,
1350 2120 1435 2182 igitur,

384 2183 431 2232 hiis
442 2184 531 2233 diebus
543 2184 645 2232 Domini
658 2184 843 2233 Cantuariensis
854 2184 1038 2248 Archiepiseopi
1050 2183 1200 2248 inpartibus
1207 2185 1298 2233 nostris
1306 2185 1436 2233 immineat

383 2247 514 2297 Visitacio⁴
529 2249 649 2308 iacienda,
666 2248 711 2311 qui
727 2249 841 2312 exemplo
853 2249 969 2298 sedentis
985 2249 1012 2298 in
1032 2250 1122 2307 Trono,
1139 2251 1171 2298 de
1189 2250 1269 2325 Cujus
1282 2265 1325 2298 ore
1339 2249 1436 2312 gladius

382 2313 494 2376 procedit
504 2313 640 2373 bisacutus,
651 2313 677 2362 in
689 2313 836 2362 execucione
848 2313 979 2363 (lenonum
990 2319 1017 2362 et
1025 2315 1199 2374 conciliorum,
1211 2329 1265 2363 nne
1275 2329 1435 2376 personarum

382 2379 532 2442 accepeione,
556 2383 587 2427 ιιι
608 2379 708 2439 dicitur,
732 2377 784 2442 jam
804 2378 923 2442 processit
940 2379 967 2427 in
986 2379 1099 2442 partibus
1119 2378 1234 2427 deitatis.
1276 2379 1347 2439 Quia,
1368 2393 1433 2435 vero,

381 2442 464 2506 jacilla
474 2443 571 2506 provisa
587 2443 671 2491 minus
687 2443 769 2492 ledere
780 2443 907 2503 (licitatur,
924 2459 977 2504 nos,
995 2443 1106 2492 volentes
1118 2444 1202 2506 pocius
1219 2443 1347 2506 prevenire
1358 2458 1434 2506 quam

382 2507 512 2570 preveniri,
523 2508 550 2556 in
561 2507 609 2556 hiis
620 2508 737 2571 precipue
748 2523 797 2570 que
812 2507 864 2570 jam
882 2509 980 2556 dudum
996 2509 1029 2557 ad
1045 2525 1117 2557 arares
1128 2513 1226 2557 nostras
1237 2507 1363 2570 irequenti
1375 2507 1434 2557 fide·

382 2572 515 2636 dignorum
523 2573 644 2622 relacione
652 2578 828 2635 pervenerunt,
837 2573 953 2622 videlicet
964 2574 1031 2636 quod
1044 2573 1216 2622 Archidinooni
1226 2573 1313 2628 nostri.
1321 2571 1435 2621 officiales

382 2641 408 2685 et
419 2637 592 2687 ministeriales
607 2638 727 2700 ipsorum,
739 2637 855 2686 subditos
865 2654 924 2686 siros
939 2636 965 2686 in
983 2639 1113 2686 exaccione
1124 2637 1329 2701 procuracionum
1345 2653 1360 2686 a
1375 2637 1434 2686 locis

382 2717 433 2750 uon
444 2702 558 2762 visitatis,
570 2707 656 2752 eontra
673 2707 771 2751 statuto
783 2703 922 2763 canonum,
934 2719 962 2750 ac
978 2703 1033 2751 aliis
1050 2703 1153 2751 diversis
1169 2703 1301 2765 generibus
1313 2702 1433 2764 gravanu-

381 2781 451 2828 num,
463 2783 520 2830 que,
532 2783 582 2816 non
594 2772 633 2816 est
643 2767 758 2825 dubium,
773 2767 903 2816 (lenonicia
914 2767 1017 2816 obviant
1029 2767 1165 2825 Institutis,
1177 2767 1286 2830 grunitu
1296 2765 1434 2829 opprimere

381 2847 430 2880 non
443 2837 568 2894 verentur,
580 2833 607 2880 in
623 2831 763 2880 animarum
774 2847 876 2880 suarum
894 2832 1032 2894 periculum
1050 2837 1077 2880 et
1092 2831 1237 2880 sandalum
1256 2847 1285 2880 ae
1300 2846 1433 2894 gmvamen

381 2896 553 2958 plurimorum.
590 2899 704 2956 Quorum
720 2895 823 2958 quidam
840 2896 988 2959 hujusmodi
1006 2901 1107 2945 extorta
1122 2913 1151 2945 ao
1168 2895 1228 2944 alios
1245 2897 1359 2944 redditus
1375 2911 1433 2944 suos

380 2966 452 3008 extra
464 2961 587 3010 Diooesim
605 2966 723 3020 nostram,
735 2965 762 3009 et
779 2976 829 3009 non
842 2961 868 3009 in
886 2961 946 3010 locis
962 2961 1055 3023 quibus
1072 2966 1199 3020 tenentur,
1215 2961 1362 3022 expendunt
1373 2959 1432 3008 dcli·

380 3032 440 3074 cata
452 3025 627 3090 thuiaquod
636 3025 755 3073 infirmari
763 3029 853 3088 potest,
863 3026 903 3074 vel
911 3026 1055 3088 vituperari,
1063 3025 1165 3074 debet·
1172 3027 1271 3075 Oanone
1278 3025 1431 3073 suadente-—

380 3089 513 3152 precaveri,
540 3091 610 3139 vobis
632 3090 781 3138 mandamus
803 3091 829 3138 in
852 3091 946 3139 virttate
972 3090 1121 3148 obediencie,
1148 3089 1253 3138 firmiter
1272 3089 1433 3152 injungentes

380 3155 500 3218 quatinus
511 3155 627 3204 omnibus
644 3155 829 3203 Archidiaconis
846 3156 938 3203 nostris
952 3155 1000 3203 sub
1017 3171 1081 3218 peno
1098 3155 1222 3204 canonica
1235 3153 1391 3202 denuncietis
1406 3159 1432 3202 et

379 3219 525 3268 denunciari
535 3220 631 3269 faciatis
642 3219 710 3282 quod
727 3219 753 3266 in
765 3219 824 3268 locis
836 3219 928 3281 quibus
943 3221 1118 3282 astringuntur
1128 3219 1253 3268 resideant
1264 3224 1295 3266 ut
1306 3223 1431 3279 tenentur,

380 3285 490 3333 officium
511 3299 586 3333 suum
608 3285 748 3333 secundum
770 3285 876 3332 formam
898 3285 1028 3333 Canonum
1050 3284 1188 3347 impleturi,
1212 3284 1290 3332 etde
1315 3283 1362 3332 hiis
1383 3299 1432 3346 que

380 3349 511 3412 hucusque
530 3365 574 3412 per
591 3349 657 3412 ipsos
676 3353 703 3398 et
720 3365 779 3398 auos
798 3349 970 3398 ministeriales
990 3349 1075 3398 minus
1094 3349 1197 3412 perinde
1216 3353 1303 3397 contra
1321 3348 1432 3397 canones

379 3418 436 3463 acta
447 3420 586 3463 noscuntur
601 3413 761 3472 satisfacmri,
783 3413 849 3462 sicut
866 3414 1016 3463 canonicam
1033 3414 1141 3476 effugere
1157 3413 1284 3462 voluerint
1300 3413 1430 3461 ulcionem.

380 3479 543 3528 Denuncietis
554 3479 655 3542 insuper
671 3477 787 3527 omnibus
798 3478 907 3526 subditis
917 3477 1154 3527 Archidinconorum
1167 3478 1279 3540 ipsorum
1293 3479 1362 3540 quod
1373 3492 1430 3526 eum

378 3543 411 3592 ad
437 3543 511 3620 ipsos,
539 3559 613 3593 causa
640 3543 805 3601 Visitacionis,
828 3543 1015 3604 declinaverint,
1038 3543 1138 3592 eosdem
1161 3543 1300 3592 secundum
1325 3542 1431 3590 formam

379 3609 483 3684 uonelii
502 3609 619 3658 decenter
635 3607 785 3684 admittant,
808 3608 894 3683 ipsam·
910 3607 1055 3684 nullatenus
1077 3607 1225 3684 excedendo.
1247 3606 1431 3682 'Denuncietis

377 3671 1275 3801 ttutltltttttttqtffittttlttttttttt
1284 3685 1431 3796 diffluit

378 3803 507 3852 &ualidis
526 3801 561 3851 sic
578 3817 605 3852 se
618 3801 710 3852 habere
724 3802 845 3851 studeant
864 3801 972 3851 universi
989 3807 1020 3851 ut
1034 3802 1080 3850 aoli
1100 3801 1153 3851 Deo
1169 3801 1202 3850 de
1219 3801 1313 3850 eisdem
1329 3800 1431 3864 ὥριιιιιιι

377 3867 477 3916 valeam
487 3867 590 3917 reddere
600 3867 730 3917 racionem
766 3867 841 3928 Quid,
853 3882 918 3926 vere,
930 3881 1006 3930 super
1015 3865 1142 3930 premissis
1159 3865 1267 3916 ieceritis
1278 3880 1323 3928 per
1334 3865 1430 3914 Lites-as

375 3937 471 3981 vestras
490 3933 616 3992 Patentes,
634 3931 725 3982 harum
743 3932 832 3981 seriem
847 3932 1011 3992 continentes,
1028 3932 1091 3981 eitra
1107 3931 1213 3981 Festum
1230 3930 1316 3980 Sancti
1331 3929 1430 3978 Hillarii

375 3999 418 4059 (13
430 3997 497 4058 lan.)
510 3997 620 4046 reddatis
631 3997 754 4046 cerciores.
790 3997 894 4055 Datum,
908 3993 1045 4047 etc-82¹³.

278 4139 288 4171 ²
305 4141 345 4190 die
357 4142 448 4192 Sancta
460 4141 605 4205 Margarete,
617 4141 733 4204 Virginis
878 4139 889 4170 ⁴
906 4141 999 4203 Biehop
1011 4140 1164 4190 Grnndiaeon
1175 4139 1221 4188 has
1231 4139 1333 4188 written
1341 4139 1368 4188 in
1384 4137 1429 4187 the

277 4204 288 4236 ²
305 4207 388 4256 South
399 4207 510 4255 Tawtou.
880 4206 976 4268 margin
1002 4205 1056 4254 :-“
1071 4206 1119 4254 Pru
1145 4203 1297 4253 Visitacione
1327 4203 1427 4252 Archis-
1466 4211 1470 4216 '

277 4270 289 4302 ³
306 4270 437 4386 {affige
447 4271 561 4334 proxima
571 4275 628 4334 post
639 4271 744 4321 Festum
756 4269 827 4320 Beati
876 4271 989 4386 gffln
996 4269 1083 4320 futura
1095 4286 1101 4320 ε
1117 4267 1142 4317 N
1144 4275 1306 4319 ota-eontra
1316 4267 1429 4318 Amudi-
