3282 4992
295 453 396 506 JOHN
426 454 769 507 Pudor-wamma
794 455 846 506 Dll
871 454 1140 508 LEOOHDLADB.
1224 437 1296 506 443

211 605 312 668 riction,
332 608 503 658 totheBieho
522 609 643 672 ’sps-ison.
679 609 728 658 lior
743 609 833 658 onthe
845 608 907 658 lauh
919 609 946 658 oi
964 609 1042 672 April,
1055 609 1126 667 1284,
1138 607 1295 670 Arehbishop

212 670 337 722 Peolrham
347 673 432 722 msued
441 674 488 723 the
497 625 624 738 idlowing
636 674 808 734 Commission,
820 673 932 723 directed
943 679 970 722 ιο
981 673 1049 723 John
1060 672 1093 723 de
1107 673 1173 722 (leve
1183 674 1234 722 aud
1244 677 1296 721 two

212 735 303 797 others,
313 742 340 786 to
351 738 459 787 demand
471 739 542 788 them
553 739 618 788 irem
630 739 675 788 the
685 739 774 802 King's
781 739 798 788 J
800 739 891 788 usticee
904 739 956 788 :-“
968 739 1096 788 Univereis
1105 738 1196 787 Sancte
1208 737 1296 786 Matris

212 800 321 852 Ecclesie
340 803 397 852 filiis
416 805 448 852 ad
468 819 531 866 quoe
552 819 651 866 presens
666 803 794 866 Scriptum
814 803 955 867 pervenerit
974 804 1063 852 Frater
1080 803 1225 864 Jiohannes,
1241 819 1295 866 per-

212 866 329 916 missione
341 868 433 917 Divina
444 869 650 932 Arahiepisoopus
670 869 863 928 cantuariensis,
879 868 998 929 minum]
1014 873 1041 916 et
1052 883 1138 932 pacem
1149 867 1175 916 in
1188 865 1297 915 Domino

211 932 537 994 semiramem-Noverit
564 933 719 984 Universitas
746 938 830 982 vestra
851 934 920 996 quod
943 949 988 982 nos
1010 933 1114 982 dilectos
1141 933 1168 981 in
1196 931 1298 981 Christo

212 996 341 1057 Dominus,
357 997 498 1048 Johnnnem
515 999 546 1048 de
564 999 636 1060 Cave,
649 999 781 1048 Rectorem
796 998 905 1047 Ecclesia
921 999 953 1047 de
971 997 1140 1062 Northburge,
1155 997 1298 1048 iohannem

212 1061 244 1109 de
258 1061 362 1124 Cesti-is,
375 1063 506 1112 Rectorem
523 1063 630 1112 Ecclesia
647 1063 687 1112 de'
697 1063 851 1124 Hilleburne,
864 1063 1025 1124 willelmum,
1039 1063 1170 1112 Rectorem
1187 1061 1297 1110 Ecclesia

212 1126 244 1174 de
265 1125 343 1176 Parva
362 1127 480 1190 Hillinge,
496 1127 652 1192 conjunctim
669 1133 696 1177 et
715 1128 814 1177 divisim
834 1133 932 1177 nosnos
952 1128 1058 1176 iacimus
1073 1133 1099 1176 et
1118 1126 1295 1176 constituimus

212 1191 387 1242 Procuratores
398 1199 424 1242 et
435 1194 583 1242 Attornatos
594 1209 638 1256 per
655 1193 785 1242 Preeentes
796 1209 803 1253 ;
820 1197 847 1242 et
858 1192 958 1252 eisdem,
971 1197 998 1242 et
1008 1207 1094 1241 eorum
1110 1192 1219 1251 cuilibet,
1232 1191 1297 1240 vices

212 1260 310 1305 nostras
322 1257 511 1318 committimus,
521 1273 579 1307 cum
590 1258 742 1306 coherciouis
753 1258 869 1307 mnonice
881 1263 1012 1320 potestate,
1025 1257 1056 1305 ad
1064 1258 1201 1320 petendum
1213 1271 1297 1304 coram

213 1322 414 1386 quibuscumque
426 1323 535 1372 illustris
547 1323 621 1385 Regis
632 1323 722 1386 Anglie
734 1321 891 1380 iusticiariis,
904 1323 944 1371 vel
959 1322 1013 1370 aliis
1030 1323 1113 1370 locum
1125 1337 1200 1371 sivum
1212 1321 1238 1369 in
1250 1321 1296 1369 hac

212 1391 282 1447 parte
293 1387 447 1446 tenentibus,
461 1387 644 1451 cujuscumque
661 1393 744 1436 status
755 1388 794 1436 vel
810 1387 960 1436 condicionis
972 1387 1088 1448 existant,
1100 1393 1127 1436 et
1138 1401 1297 1451 quocumque

212 1451 313 1500 nomine
330 1457 485 1512 censeantur,
502 1453 712 1514 etrecipiendum
733 1453 764 1502 ab
789 1452 882 1501 eisdem
901 1452 1022 1500 Dominus
1041 1451 1182 1501 iohannem
1210 1451 1297 1514 Pyoot,

214 1516 343 1565 Decsnum
355 1517 456 1576 Exonie,
467 1517 634 1580 Reginaldum
646 1518 743 1566 dictum
755 1517 894 1576 Arcewelre,
902 1517 1043 1566 Johunnem
1054 1518 1086 1565 de
1098 1517 1296 1576 Gristunestowe,

213 1581 340 1630 vicarium
358 1583 465 1632 Eoclesie
483 1583 637 1642 Exonicueis,
649 1583 790 1631 «iohannem
802 1583 834 1630 de
846 1582 1028 1644 Woliryntone,
1044 1581 1197 1630 Willelmum
1211 1581 1297 1644 Pycot,

214 1645 362 1710 Magistrum
383 1647 477 1696 Lucam
499 1648 531 1696 de
549 1648 641 1696 Sancto
662 1647 796 1706 Leonardo,
812 1647 950 1696 Hearicum
970 1648 1001 1694 de
1018 1647 1157 1710 Stouweye,
1173 1647 1296 1694 'l‘homam

214 1710 245 1758 de
261 1711 402 1773 Thoulond,
418 1712 524 1761 Petrum
541 1713 572 1762 de
589 1713 767 1775 Melchevvysis,
784 1712 949 1760 Godeiridum
966 1711 1097 1771 Dunekan,
1113 1716 1141 1760 et
1156 1711 1297 1759 walterum

214 1775 246 1824 dc
259 1777 420 1840 Wreyntone,
441 1777 547 1836 clericos,
563 1779 595 1826 de
610 1783 691 1826 morte
707 1778 834 1840 quondam
853 1776 965 1839 Magistri
983 1777 1086 1824 Walter-i
1103 1778 1135 1825 de
1150 1775 1297 1839 Lychelsde,

216 1841 333 1890 Canonici
349 1842 503 1901 tironiensis,
520 1843 610 1891 citatos
626 1858 670 1890 seu
688 1841 831 1906 appellatos,
848 1847 975 1890 eteorum
992 1842 1131 1904 quemlibet
1143 1841 1298 1903 singillatim,

215 1905 333 1968 quociens
352 1923 415 1970 opus
434 1907 518 1964 fuerit,
531 1912 607 1970 prout
626 1907 700 1955 dictis
718 1906 922 1956 Procuratoribus
939 1906 978 1954 vel
991 1907 1140 1964 Attornatis,
1153 1910 1179 1954 et
1195 1905 1299 1954 cuilibet

215 1971 334 2032 ipsorum,
343 1977 370 2020 et
382 1972 489 2020 Ecclesia
501 1973 592 2021 Sancte
600 1972 727 2020 videbitur
736 1971 851 2034 expedire
861 1987 866 2029 ;
876 1986 933 2020 oum
942 1971 1096 2019 Venerabilis
1109 1971 1195 2019 mater
1206 1975 1298 2030 noster,

178 2068 182 2076 .
216 2035 339 2084 Dominus
356 2037 454 2095 Petrus,
470 2037 616 2085 Exouiensis
631 2037 775 2099 Episcopus,
787 2037 956 2098 predictorum
968 2036 1113 2084 clericorum
1132 2036 1299 2096 Dyoessanus,

217 2105 247 2148 ut
258 2100 357 2157 dicitur,
369 2101 403 2149 sit
413 2101 509 2150 notorie
521 2109 651 2164 suspectus
663 2102 764 2150 eudem.
793 2101 887 2150 Ratum
900 2101 1020 2148 habentes
1031 2105 1058 2148 et
1069 2101 1169 2149 tirmum
1181 2099 1302 2163 quicquid

217 2164 323 2228 predicti
339 2165 513 2214 Procuratores
532 2166 612 2215 nostri
631 2183 673 2214 eeu
695 2167 832 2224 Attorusti,
852 2171 878 2214 et
897 2181 982 2214 eorum
1004 2165 1117 2228 quilibet,
1133 2165 1165 2214 ad
1182 2165 1302 2213 honorem

219 2229 267 2277 Dei
278 2235 304 2277 et
316 2230 424 2278 Ecclesie
442 2231 500 2290 Sue,
512 2232 631 2279 duxerint
646 2248 688 2278 seu
709 2231 811 2279 dstxerit
825 2232 851 2278 in
864 2230 990 2294 premissis
1001 2230 1215 2278 iaciendum—In
1228 2228 1300 2293 eujus

218 2295 253 2342 rei
265 2294 438 2343 testimonium
450 2295 494 2344 hes
507 2296 602 2344 Literae
617 2296 669 2344 lieri
680 2296 785 2344 lecimus
801 2301 828 2344 et
839 2295 912 2358 sigilli
925 2295 1003 2343 nostri
1024 2295 1163 2343 munimine
1181 2294 1298 2342 roborari.

220 2360 347 2408 —Datum
359 2361 426 2422 apud
438 2361 597 2423 Wyngeham,
610 2359 628 2424 ij
644 2361 705 2409 Idus
717 2360 809 2424 Aprilis
824 2359 866 2422 [12
876 2360 965 2423 April],
977 2361 1051 2408 Anno
1063 2359 1165 2408 Domini
1179 2360 1224 2408 ΜΟ.
1240 2359 1300 2408 (50⁰.

219 2424 368 2486 octogesimo
377 2431 474 2486 quarto,
484 2425 655 2474 Ordinscicnis
666 2431 750 2474 nostre
762 2430 833 2474 sexto
851 2425 967 2488 ,Rectum
979 2424 1104 2486 Psallam,
1113 2425 1155 2473 iol
1170 2425 1234 2482 154).
1310 2471 1313 2476 .

254 2489 279 2536 lt
298 2504 400 2551 appears
423 2490 479 2538 that
498 2495 526 2538 at
545 2491 608 2538 least
630 2491 687 2539 iour
713 2491 740 2538 oi
767 2491 837 2539 these
860 2489 954 2550 Clerlis,
971 2489 1101 2552 including
1122 2489 1191 2538 John
1215 2489 1301 2551 ΡΜ,

220 2553 346 2602 remained
357 2553 384 2602 in
400 2555 484 2617 prison
495 2555 535 2604 till
548 2557 619 2604 1286.

251 2617 305 2666 The
323 2619 372 2666 late
389 2619 429 2667 Sir
446 2620 473 2668 T.
492 2620 584 2668 Duffus
602 2621 689 2683 Hardy
705 2619 857 2680 discovered,
871 2619 897 2668 in
913 2619 958 2668 the
975 2619 1062 2668 'l'ower
1076 2619 1103 2668 oi
1119 2619 1230 2680 Loudon,
1247 2619 1305 2668 four

222 2683 320 2731 Letters
337 2683 469 2732 addressed
486 2684 519 2747 by
536 2685 580 2733 the
603 2685 712 2734 Primate
728 2685 779 2734 and
803 2685 837 2748 by
859 2683 951 2748 Biehop
968 2684 1052 2744 Quivil
1073 2690 1101 2733 ιο
1125 2683 1169 2733 the
1187 2685 1255 2746 King
1280 2683 1308 2732 oi

221 2747 303 2796 which
325 2748 369 2796 the
391 2748 517 2811 following
540 2765 581 2798 are
602 2751 749 2813 transcripte
763 2751 828 2798 from
851 2749 895 2798 the
918 2749 1048 2812 originale,
1065 2750 1132 2798 since
1154 2749 1307 2798 cannense

222 2818 248 2860 to
263 2812 308 2861 the
326 2812 430 2861 Publicii
448 2815 542 2862 Record
558 2815 634 2864 Office
646 2815 734 2878 (Royul
744 2814 908 2874 tumemus.
922 2816 1100 2873 1855-1858).
1134 2813 1305 2863 Transistions

221 2893 262 2926 are
277 2877 351 2940 given
368 2877 395 2926 iu
413 2878 517 2927 Olivsr’s
537 2877 638 2942 Histoi-y
654 2879 683 2941 of
698 2881 783 2929 ductor
800 2879 845 2942 (pp
870 2879 996 2939 67-69);
1018 2879 1067 2928 but
1083 2879 1127 2928 the
1144 2879 1242 2927 letters
1264 2894 1307 2927 ars

219 2943 248 3056 pf
264 2942 390 3036 sufficient
406 2943 510 2992 interest
526 2945 575 2992 and
591 2945 744 3007 importunes
762 2951 789 2994 to
806 2943 878 2992 claim
894 2959 909 2993 a
931 2944 1006 3007 place,
1023 2943 1088 3004 here,
1099 2944 1126 2992 in
1141 2943 1208 2993 their
1223 2943 1306 2993 actusl

230 3023 285 3056 orm
311 3023 349 3056 :-

189 3168 302 3228 Comitis,
326 3184 354 3217 sc
375 3168 452 3217 eciam
478 3169 543 3217 bona
570 3175 596 3218 et
618 3171 707 3219 catalla

189 3234 326 3282 eorundem
354 3233 458 3282 Aluredi
485 3239 512 3282 et
547 3235 652 3294 Ricardi,
681 3235 706 3284 in

190 3299 286 3348 Balliva
296 3303 348 3374 tue,
361 3299 451 3374 quoad
470 3315 515 3347 noe
532 3301 666 3362 pertinent,
678 3315 707 3348 eo

190 3363 707 3492 {tltlffltlrlt‘tlttltpllt

189 3495 294 3542 luerunt
305 3510 311 3552 ;
324 3493 437 3542 habenda
445 3510 489 3557 per
497 3495 706 3558 appreciuaiouem

190 3573 272 3608 eorem
291 3559 389 3608 dilectis
411 3565 437 3608 et
465 3557 579 3608 fidelibus
607 3560 706 3620 nostrie,

191 3624 295 3672 ilicardo
303 3624 335 3672 de
343 3624 474 3688 Boylsund
484 3629 511 3674 et
520 3625 615 3688 Rogero
624 3625 706 3673 Luve·

189 3689 245 3752 dsy,
255 3689 322 3751 apud
332 3689 453 3738 Exoniam
462 3689 521 3738 inde
528 3690 628 3750 iactam,
637 3689 708 3738 nobis

190 3753 284 3803 ibidem
305 3759 366 3803 tunc
384 3753 568 3814 existentibus;
589 3755 636 3804 tibi
653 3771 706 3817 pre-

190 3819 297 3882 cipimus
320 3819 395 3882 quod,
417 3819 438 3867 si
463 3819 590 3882 predictus
619 3819 708 3868 Comes

190 3884 315 3933 invenerit
342 3883 390 3932 tibi
421 3885 586 3934 sufficientem
618 3884 707 3934 securi·
729 3929 731 3934 .

191 3954 271 3998 tatem
296 3949 327 3998 ad
355 3949 556 4012 respondendum
581 3949 653 3998 nobis
675 3950 707 3998 sd

192 4015 342 4064 Mandatum
361 4019 484 4075 nostrum,
502 4015 535 4063 ad
553 4014 707 4064 moenum

190 4083 314 4140 nostrum,
334 4079 366 4127 de
388 4079 470 4127 valore
491 4095 583 4134 annuo,
604 4079 662 4140 diei,
682 4084 708 4128 et

192 4144 265 4204 vasti,
277 4149 302 4192 et
315 4144 475 4193 bonorumet
491 4143 638 4193 catellorum
655 4159 708 4207 pre·

190 4209 323 4270 dictorum,
341 4209 415 4272 juxta
429 4209 637 4272 appreciaoionsm
655 4225 709 4272 pre·

191 4274 293 4336 dictam,
314 4279 377 4324 tunc
395 4273 476 4324 eidem
495 4273 587 4324 comiti
606 4289 709 4334 anuum,

192 4339 268 4402 diem,
285 4343 313 4389 et
331 4343 483 4402 ventumst
499 4339 565 4389 bona
581 4343 608 4389 et
622 4339 724 4406 catulla¹

790 3170 902 3234 predicta
912 3169 1008 3232 liberes,
1020 3187 1064 3233 per
1075 3171 1234 3220 securitatem
1252 3187 1309 3234 pre·

789 3234 884 3284 dictam
896 3235 1018 3292 habenda,
1032 3235 1098 3285 daut
1105 3237 1248 3300 predictum
1261 3241 1308 3286 eet

790 3301 865 3349 Teste
882 3301 955 3364 Rege,
968 3301 1034 3360 spud
1049 3301 1179 3362 Exouiam,
1191 3301 1249 3365 viij0
1267 3301 1309 3351 die

790 3365 903 3414 ianuarii
920 3363 1061 3425 [1285-61.”
1095 3365 1148 3415 'l'he
1159 3365 1235 3415 latter
1247 3366 1307 3416 does

789 3429 1307 3496 notsppearintheList,andhevvas‚pro-

790 3494 1306 3558 bably,convietedoisomeotherotl'enae.

760 3557 1310 3690 'turiassonentium

792 3689 817 3737 It
835 3690 856 3738 is
871 3689 1000 3739 fortunate
1016 3690 1074 3740 thet
1089 3691 1160 3740 these
1174 3691 1232 3740 iour
1245 3691 1309 3740 have

791 3753 853 3803 been
865 3755 1004 3816 preserved,
1019 3771 1047 3804 ae
1061 3755 1105 3804 the
1137 3756 1203 3805 iorm
1219 3773 1235 3806 a
1248 3771 1310 3834 very

791 3819 995 3882 importantlink
1010 3820 1092 3869 inthe
1128 3821 1243 3885 'toryoi
1257 3820 1310 3871 tlns

792 3885 907 3947 tragedy.
940 3885 993 3934 The
1016 3885 1103 3935 clerks
1124 3901 1188 3936 were
1209 3886 1311 3937 ableto

792 3947 865 3998 claim
883 3949 927 3998 the
945 3949 1068 4000 “Benefit
1089 3951 1115 3999 oi
1135 3951 1225 4012 Olergy
1238 3949 1252 3974 '⁹
1278 3967 1312 4002 on

791 4013 1311 4076 beingccnvicted,andwerehsndedover

792 4083 819 4127 to
861 4079 905 4128 the
939 4079 1120 4130 Ecclesiasticsl
1148 4081 1304 4131 duthorities

792 4143 845 4192 The
857 4143 987 4193 convicted
1000 4145 1111 4210 Laymeu
1126 4146 1210 4195 would
1221 4146 1253 4194 be
1264 4112 1315 4197 leti

793 4213 820 4257 ιο
837 4208 895 4258 take
911 4208 978 4258 their
994 4210 1086 4260 chanoe
1101 4216 1129 4259 at
1144 4211 1189 4259 the
1202 4211 1312 4276 galloni,

793 4273 878 4323 unless
886 4273 1018 4339 theRoyal
1026 4276 1313 4340 pardonuasextended

794 4341 822 4388 to
833 4353 883 4403 any
894 4338 921 4388 ot
931 4339 1010 4396 thern
