3224 4984
304 429 350 512 10
736 452 815 512 rna
840 452 1023 515 securas

298 611 367 660 tibus
379 611 527 662 evanuerint
537 612 568 661 de
579 612 643 676 jure,
655 613 756 676 penitus
768 630 917 664 revocamus
953 615 1073 676 Quocirca
1085 613 1154 662 vobis
1161 609 1342 662 mandamusin
1353 608 1450 656 vir-tame

298 675 441 726 obediencie
453 677 559 726 tirmiter
569 677 731 740 injungentes
742 680 862 742 quatinus
874 681 921 730 hoc
931 685 1046 730 nostrum
1059 679 1207 726 Mandatum
1220 677 1245 725 in
1257 674 1362 738 singulis
1374 671 1450 720 vestri

299 741 523 816 Archidiaconatus
546 743 669 806 Capitulis
694 749 720 792 et
751 745 864 793 Ecclesiis
890 745 926 793 sic
950 745 1088 794 commissis
1110 743 1241 806 publicetis
1264 756 1307 789 seu
1330 735 1450 802 publicari

300 805 405 867 faciatis,
423 808 573 856 auctoritate
591 813 676 856 ιιοειιε
695 809 837 858 districcius
855 810 997 858 inhibentes
1013 825 1044 857 ne
1060 807 1206 870 hujusmodi
1222 803 1449 854 commendationes

299 886 344 918 seu
355 871 481 921 custodies
492 871 637 934 retinentes,
649 873 695 922 nisi
715 889 759 936 per
771 889 815 921 nos
832 875 900 937 pn'us
915 874 1031 923 cononice
1046 873 1221 932 instituantur,
1232 871 1280 920 sub
1291 881 1450 932 quocumque

299 935 380 984 colore
390 937 423 984 ed
435 937 521 986 Sacros
533 937 638 986 Ordines
649 937 770 997 accedam,
780 953 825 987 nec
834 939 865 986 de
873 939 923 988 illie
933 939 1061 988 beneficiis
1068 954 1117 1001 que
1128 937 1176 986 snb
1187 940 1315 999 mquestro
1323 937 1408 982 nostro
1420 945 1451 978 ex

300 1015 368 1049 nunc
385 1001 531 1063 retinemus,
550 1002 680 1066 ὥεροιιειε
694 1019 738 1052 eeu
751 1003 920 1052 intromittere
933 1004 1092 1066 aliquetenus
1110 1003 1220 1050 audeant
1238 1000 1277 1048 vei
1297 999 1451 1062 presumant,

300 1064 367 1114 sicut
377 1066 520 1116 canonicam
538 1067 645 1129 effugere
661 1067 787 1116 voluerint
804 1068 934 1116 ulcionem.
970 1068 1090 1127 Qualitm,
1107 1083 1173 1126 vero,
1191 1065 1237 1114 hoc
1253 1071 1368 1113 nostrum
1382 1062 1450 1110 Man-

300 1129 495 1180 datumiueritis
506 1133 612 1194 executi,
624 1148 669 1195 per
678 1133 763 1181 literas
774 1139 869 1181 vestras
881 1138 995 1195 patentes
1013 1133 1103 1180 harum
1116 1131 1205 1180 seriem
1215 1130 1380 1188 mutinentes,
1392 1141 1450 1174 cnm

300 1195 457 1257 expressione
480 1196 659 1245 Beneficiorum
683 1202 710 1246 et
730 1198 873 1246 nominibus
893 1197 1096 1246 beneficiatorum
1119 1195 1273 1258 hujusmodi,
1297 1191 1360 1241 citra
1382 1191 1450 1239 diem

301 1259 426 1336 Ordinum
432 1260 458 1308 in
467 1261 586 1324 proximis
593 1261 654 1375 augg*
662 1262 826 1324 Temporibu
835 1262 1047 1322 celebrandorum,
1055 1266 1141 1324 aperte
1147 1266 1174 1308 et
1180 1259 1299 1308 diafincte
1306 1273 1351 1306 noe
1359 1255 1450 1306 certifi-

300 1325 499 1440 cetis-123atum
526 1326 593 1390 apud
642 1326 749 1387 eintone,
773 1327 798 1390 vj
824 1327 949 1376 Kalendas
968 1327 1036 1388 Maii,
1057 1325 1256 1376 consecracionis
1277 1327 1362 1372 nostre
1385 1335 1451 1369 anno

299 1404 381 1452 pruno
390 1406 397 1451 5
436 1426 442 1439 .

426 1453 440 1479 θ

604 1453 617 1480 G
782 1455 796 1482 θ

960 1455 974 1480 a
1138 1453 1152 1478 e
1317 1451 1331 1475 ι

333 1519 408 1568 Anno
419 1523 446 1568 et
461 1519 503 1569 die
519 1520 637 1583 predictis
653 1520 680 1582 [x
698 1520 823 1570 Kalendas
840 1521 918 1582 Junii,
938 1521 977 1570 tc.
991 1523 1022 1570 23
1040 1521 1105 1584 lisy,
1126 1519 1205 1580 12511]Ι
1223 1518 1290 1582 apud
1308 1513 1454 1566 Soltcumbe

301 1582 442 1644 [Solcombe
461 1585 554 1648 Regie],
582 1587 676 1648 recepit
696 1585 821 1634 Dominus
841 1587 978 1649 Episcopus
999 1591 1089 1635 mutuo
1104 1586 1136 1634 de
1156 1584 1264 1632 Domino
1284 1583 1402 1644 liaugcro
1422 1579 1455 1626 de

301 1649 393 1698 Sancto
413 1649 505 1698 Albino
525 1650 708 1714 quinquaginta
730 1667 825 1699 marces
843 1652 1028 1714 sterlingorum,
1047 1650 1178 1699 solvendas
1195 1649 1276 1697 eidem
1299 1647 1325 1695 in
1349 1644 1453 1695 Octabie

301 1713 387 1828 Sagaecti
409 1714 537 1829 Μίεέιρείἰε
559 1715 673 1779 proximo
695 1716 813 1765 venturis„
864 1717 895 1764 Et
917 1716 1023 1764 coniecit
1045 1715 1067 1764 ei
1095 1714 1181 1764 literas
1208 1729 1265 1762 suos
1294 1709 1454 1774 obligatorias

302 1793 335 1841 pa
361 1783 436 1838 ntes;
485 1815 491 1828 .

426 1841 440 1867 ε
603 1846 618 1876 e

335 1907 467 1959 Ordinante
497 1909 656 1972 Episcopatus
684 1908 831 1968 senune.
868 1909 984 1970 Episcopo
1014 1909 1222 1958 ulmam-Anno
1261 1907 1356 1964 eodem,
1397 1903 1452 1966 xiiij

302 1973 429 2022 Kalendae
439 1975 456 2023 J
458 1974 502 2022 ulii
515 1975 556 2032 (18
568 1975 643 2034 June,
657 1975 737 2034 1258),
751 1991 795 2037 ρει
807 1975 933 2037 quandam
952 1975 1060 2023 Literonr
1074 1975 1206 2022 Potentem
1221 1971 1334 2034 Episcopi
1345 1969 1456 2018 excitato

301 2043 341 2086 εει
356 2042 468 2100 potestus
486 2039 603 2088 Officialis
617 2039 748 2097 ordinario,
761 2045 788 2086 et
805 2055 849 2102 per
863 2041 968 2087 earrdem
986 2040 1096 2087 Litanam
1112 2041 1172 2086 deta
1189 2043 1229 2086 est
1240 2037 1263 2084 ei
1274 2039 1384 2099 potestas
1395 2049 1453 2082 con·

301 2102 406 2151 cedendi
417 2103 513 2152 Literee
524 2104 682 2152 Dimieeon'oa
693 2105 842 2152 ordinandis.
879 2105 953 2162 item,
963 2121 1007 2167 per
1017 2104 1091 2152 elium
1103 2103 1212 2151 Litanam
1224 2103 1284 2150 deta
1295 2105 1335 2149 est
1343 2105 1455 2162 potestas

301 2166 383 2215 eidem
402 2167 544 2216 conferendi
564 2169 687 2217 Beneficia
703 2185 782 2230 nsque
793 2169 825 2216 ad
843 2169 978 2217 volentiam
994 2185 1010 2217 x
1023 2184 1169 2216 morcarum.
1206 2167 1280 2225 ltnm,
1294 2181 1338 2228 per
1348 2164 1455 2212 terciam

303 2231 414 2280 Literem
426 2233 485 2281 dato
499 2237 659 2296 estpotestate
677 2235 714 2288 E.
735 2235 834 2282 Derane
853 2233 978 2292 Weliensi,
998 2235 1044 2292 W.,
1062 2233 1242 2281 Archidiacono
1260 2228 1413 2285 Barnmeuei,
1427 2232 1455 2276 ct

301 2296 413 2359 predicto
426 2297 530 2346 Officiaii
541 2298 567 2346 in
579 2297 807 2346 examinacionibus
818 2302 845 2346 et
851 2298 1082 2346 confirmacionibus
1089 2297 1248 2354 eleccionum,
1260 2293 1454 2343 admissionibus

302 2365 503 2424 presentatorum
522 2363 554 2410 od
574 2363 697 2412 Beneficia
714 2363 835 2422 voconcio,
851 2363 1064 2422 institucionibns,
1076 2368 1103 2410 et
1121 2362 1175 2410 aliie
1189 2359 1326 2424 majoribus
1344 2357 1454 2420 negociis

300 2425 451 2475 ordinariam
462 2431 612 2490 potcstatem
625 2427 792 2490 tangentibus.
827 2428 900 2486 Item,
915 2443 958 2490 per
969 2433 1084 2488 quartam
1100 2427 1209 2475 Litersm
1220 2425 1280 2474 data
1291 2429 1330 2472 eet
1341 2427 1455 2486 potestas

301 2491 352 2550 W.,
380 2491 480 2541 Decano
507 2492 650 2553 Exoniensi,
679 2493 727 2552 W.,
755 2491 934 2541 Arobidiaoono
957 2492 1110 2550 Barumensi,
1133 2491 1160 2539 in
1187 2489 1313 2553 presencia
1335 2487 1455 2536 Officiolis

302 2555 416 2619 predicti,
433 2557 458 2605 in
482 2557 592 2606 Ecclesia
609 2557 751 2617 Exonicnsi,
775 2557 918 2606 conferendi
934 2557 1083 2620 Dignitatee,
1105 2555 1253 2616 Probendss,
1281 2559 1307 2602 et
1330 2551 1455 2601 Beneficia

302 2621 466 2670 ecclesiastico
483 2622 598 2670 voconcio
613 2623 645 2670 ad
662 2621 821 2671 collacionem
838 2621 940 2670 Domini
958 2621 1074 2684 Episcopi
1090 2620 1236 2683 speotnncia,
1248 2635 1292 2667 seu
1304 2616 1457 2666 auctoritate

303 2683 407 2734 Concilii
418 2687 589 2735 maranensis
600 2687 731 2742 devoluta;
750 2687 787 2735 ita
797 2687 866 2749 quud
877 2702 907 2734 ex
919 2687 1028 2735 evidenti
1038 2686 1149 2734 utilitate
1160 2690 1187 2733 et
1197 2683 1298 2746 urgenti
1307 2681 1457 2730 necessitate

301 2749 405 2799 alterim
415 2751 556 2800 absenciam
566 2751 630 2800 alter
641 2752 769 2814 compleat.
789 2752 863 2811 Item,
876 2767 920 2814 per
931 2751 1046 2814 quintam
1058 2751 1167 2800 Literam
1175 2750 1242 2798 iacto
1257 2753 1295 2796 eet
1304 2746 1456 2797 commissio

302 2815 416 2864 omnium
427 2831 591 2876 causarum,a
608 2817 672 2866 Sede
683 2816 826 2880 Apostoiicn
837 2816 1026 2864 commissarum
1038 2815 1077 2864 vel
1094 2814 1339 2872 committendarum,
1352 2811 1458 2860 Castori

303 2879 445 2940 Exoniensi
464 2881 643 2930 Archidiecouo
664 2881 818 2940 Barumenai,
838 2885 864 2928 et
887 2881 991 2930 Officiali
1012 2880 1153 2938 Exonienei,
1169 2883 1197 2927 et
1214 2877 1350 2940 unicnique
1367 2891 1456 2924 eonem

302 2942 456 3005 insolidum,
469 2961 549 3008 usque
565 2946 592 2994 in
603 2947 769 2996 reversionem
781 2945 883 2994 Domini
900 2945 1015 3008 Episcopi
1027 2946 1053 2993 in
1066 2945 1181 3008 Angliam
1194 2959 1199 3002 ;
1217 2943 1253 2991 ita
1264 2942 1333 3006 quod
1344 2957 1387 3004 per
1398 2940 1458 3003 ejus

302 3009 441 3058 adventum
455 3025 541 3058 omnes
553 3011 663 3074 predicte
676 3011 758 3059 Litere
778 3015 933 3058 evanescant.
980 3011 1015 3058 Et
1025 3009 1119 3058 tradite
1137 3015 1198 3058 sunt
1209 3007 1320 3070 predicte
1339 3021 1354 3052 v
1372 3005 1458 3054 Litere

302 3073 421 3122 Potentes
433 3079 459 3124 et
470 3075 524 3138 xiiij
538 3075 621 3124 Litere
632 3074 722 3125 Clause
731 3075 839 3123 Domino
848 3075 943 3123 Thome
950 3075 981 3122 de
991 3074 1133 3134 Herteiord,
1142 3073 1265 3122 Cononico
1273 3069 1416 3129 Exoniensi,
1425 3075 1458 3119 ut

301 3137 328 3186 in
339 3139 451 3234 adventu
461 3141 658 3229 reddanturgvel
670 3142 701 3189 de
710 3155 797 3233 eorum
808 3145 901 3188 eventu
912 3139 985 3235 plene
996 3141 1190 3234 respondentur:
1210 3141 1232 3187 4.

335 3267 409 3318 Anno
424 3269 512 3318 eodem
523 3273 550 3318 et
558 3269 598 3318 die
610 3269 645 3330 (ix
658 3269 783 3319 Kalendas
794 3267 865 3328 «iulii,
877 3271 915 3318 tc
929 3269 959 3318 23
972 3267 1047 3329 June,
1062 3268 1143 3327 1258),
1155 3267 1248 3330 ιεεερίι
1259 3265 1383 3315 Dominus
1395 3263 1456 3326 Epi·

304 3349 393 3396 acopna
404 3339 496 3383 mutuo
510 3335 542 3384 de
559 3335 664 3384 Girordo
682 3333 833 3383 Licchololdi
843 3334 886 3397 xvj
900 3349 994 3382 marcos
1006 3339 1033 3382 et
1043 3333 1181 3392 dimidiam,
1196 3331 1327 3381 solvendae
1338 3331 1365 3378 in
1381 3329 1458 3377 Festo

306 3399 495 3512 Asegrffiogia
508 3399 548 3460 (lb
565 3401 649 3463 Aug),
663 3400 806 3456 Londonie;
826 3415 889 3462 qaae
903 3398 975 3447 solvit
990 3415 1034 3461 pro
1046 3397 1220 3462 procuracione
1234 3395 1349 3460 Magistri
1365 3394 1458 3456 Arloci,
1485 3447 1488 3452 ¹

305 3478 354 3526 opu
439 3479 456 3512 n
475 3479 527 3513 one

336 3528 412 3577 Anno
423 3533 450 3578 et
461 3529 502 3578 die
516 3529 675 3592 supradictis,
692 3529 808 3592 opposuit
825 3527 949 3577 Dominus
962 3527 1099 3592 Episcopus
1110 3527 1210 3591 signum
1221 3541 1304 3586 suum,
1316 3525 1343 3573 in
1368 3523 1375 3535 ⁶
1409 3539 1457 3572 um

304 3595 331 3641 et
342 3593 516 3643 testimoninm
533 3593 710 3657 compulsionis
721 3599 748 3643 et
764 3593 914 3643 cohercionie
931 3592 1045 3656 Magistri
1062 3591 1185 3641 Johsnnis
1202 3592 1234 3640 de
1245 3591 1365 3639 Wintcne
1394 3602 1457 3637 exx

303 3657 393 3707 marcis
404 3657 529 3708 solvendis
540 3659 606 3708 inira
617 3659 776 3719 Quindenam
792 3658 941 3708 Nativitetis
952 3657 1037 3708 Sancti
1048 3655 1066 3706 J
1067 3657 1172 3706 ohannis
1183 3655 1306 3720 Baptista,
1319 3653 1457 3714 Londonie,

303 3737 369 3772 anno
379 3723 499 3786 predicto,
511 3727 538 3772 et
549 3739 599 3772 non
612 3729 642 3772 ut
652 3723 777 3787 obligetur
788 3723 888 3772 exinde.

334 3788 409 3838 Anno
429 3793 455 3837 et
475 3788 516 3837 die
532 3788 658 3852 predictis,
674 3789 801 3838 confessus
820 3791 859 3837 est
879 3787 1003 3836 Dominus
1021 3787 1159 3851 Episcopus
1177 3784 1335 3846 eerecepisse
1354 3787 1459 3833 centurn

301 3865 397 3902 marcas
419 3853 596 3916 sterlingorum
614 3853 646 3902 de
665 3853 777 3911 predicto
799 3853 911 3913 Girardo,
934 3853 1065 3902 solvendae
1084 3853 1111 3901 in
1134 3852 1210 3901 Festo
1229 3849 1316 3900 Sancti
1336 3847 1405 3898 Petri
1425 3847 1458 3896 ad

303 3916 411 3968 Vincula
422 3917 445 4007 (1
459 3919 544 3982 Aug),
557 3919 701 4012 Londnnie,
725 3919 746 3968 4.
784 3981 798 4007 ⁴*
962 3980 975 4006 ἢ
1141 3979 1155 4006 ⁴
1319 3975 1333 4001 ,

337 4045 412 4096 Anno
434 4049 529 4110 codena
554 4047 581 4111 xj
601 4047 727 4097 Kalendas
746 4047 809 4098 Julii
828 4049 869 4110 (21
893 4047 968 4108 June,
987 4046 1069 4107 1258),
1093 4043 1392 4106 Londonie,—Universis
1410 4047 1457 4092 etc

306 4109 441 4174 walterus,
454 4113 502 4162 Dei
514 4113 603 4162 Gracia
618 4113 768 4162 Excnieneis
777 4113 920 4176 Episcopus,
930 4113 1037 4161 salntem
1048 4113 1075 4160 in
1087 4111 1201 4160 Domino.
1236 4109 1343 4159 Noverit
1354 4107 1459 4158 Univer-

306 4175 367 4225 sitas
391 4183 474 4226 vestra
496 4179 565 4240 qnod
587 4193 639 4238 nos,
662 4178 774 4227 cantatis
795 4178 900 4237 intuitu,
923 4177 1013 4226 damus
1032 4181 1058 4225 et
1080 4177 1239 4225 concedimus
1261 4175 1352 4222 dilecto
1374 4177 1461 4221 nostro

308 4241 456 4291 Girarducio
471 4243 592 4306 Mayneti,
611 4242 698 4291 scolari
714 4243 745 4291 de
762 4243 898 4302 Florencia,
913 4241 1000 4304 nepoti
1011 4241 1095 4290 dilecti
1112 4241 1192 4290 nostri
1208 4239 1308 4289 Girnrdi
1324 4237 1462 4298 Ricobaldi,

307 4305 368 4354 civia
380 4311 407 4356 et
418 4308 564 4356 mercatoria
576 4307 721 4368 Florentini,
733 4307 797 4356 duas
808 4322 903 4356 murcos
917 4307 1094 4368 sterlingorum
1105 4306 1137 4354 de
1148 4321 1245 4354 camera
1255 4308 1347 4362 nostra,
1359 4303 1462 4351 nomine

309 4385 393 4421 annue
404 4371 725 4440 pensionia,pereolvcndse
737 4371 806 4422 dicto
814 4371 967 4432 Girarducio,
980 4372 1019 4421 vel
1030 4371 1086 4436 ejus
1097 4369 1259 4436 procuratori,
1265 4367 1370 4432 singulis
1382 4367 1463 4430 annis,
