3304 4978
332 359 404 433 292
583 380 715 434 nrssor
733 361 1036 436 asenneconnn's
1053 385 1236 439 anmoins.

395 533 473 649 miii·
489 535 591 651 {puplici
609 533 748 602 [Maenali
768 536 891 602 lllpisoopi,
906 537 938 587 de
957 537 1066 588 Ecclesia
1085 540 1117 588 de
1132 537 1269 602 Wodebiri,
1291 539 1380 590 collata
1398 539 1427 589 R.
1448 538 1479 588 de

465 617 490 650 in
551 617 584 652 m.

396 667 471 717 Carta
482 667 587 716 Abbatis
599 667 685 716 Sancti
696 666 823 716 Michaelis
834 667 866 716 de
877 667 964 717 Monte
975 669 1007 717 de
1017 668 1135 732 pensione
1145 669 1207 718 dicti
1219 671 1250 720 R.
1261 670 1293 719 de
1301 668 1457 718 Winashcm.

395 731 560 782 Condi-mocio
577 731 720 791 Theobaldi,
739 732 926 781 Contuariensis
942 732 1133 798 archiepiscopi,
1145 735 1177 783 de
1189 735 1289 798 Capella
1302 734 1480 784 llomchorum

428 794 515 847 Sancti
526 797 620 856 iacobi,
633 798 664 846 de
677 797 793 860 Capitulo
806 797 940 846 Exoniensi
951 799 1066 848 mnenda

396 861 472 910 Carta
482 861 618 910 'I'hcobaldi
629 861 814 926 Archiepiscopi
825 863 857 911 de
868 863 954 911 Priona
964 862 996 911 de
1007 863 1129 912 Plintone.

397 926 473 976 Certo
490 927 600 989 Capituli
616 927 763 976 Exoniensis
780 929 811 976 de
827 927 941 976 faciendo
959 928 1067 977 Servicio
1084 943 1128 989 pro
1144 927 1228 976 anima
1244 926 1347 976 Henrici
1360 927 1481 992 Episcopi,

428 991 494 1040 sicut
505 1007 550 1054 pro
561 991 615 1040 aliie
628 991 755 1055 Episcopis
767 1009 774 1052 ;
790 992 828 1053 [et
839 993 870 1041 de
882 993 1002 1056 Magistro
1013 993 1134 1053 Michaeli,
1146 993 1255 1056 qualiter
1264 999 1380 1056 receptus
1390 993 1442 1041 iuit
1452 992 1479 1040 in

428 1056 612 1106 fraternitatem
623 1061 650 1104 et
661 1057 804 1106 societatem
817 1055 1029 1119 Canonioorum.¹]

397 1121 472 1235 Cappa
488 1122 697 1198 lislepdariorum
713 1121 745 1171 de
762 1122 869 1186 Capellis
885 1121 971 1172 Sancti
989 1121 1057 1170 Petn'
1073 1126 1101 1172 et
1117 1121 1197 1184 Pauli,
1213 1122 1344 1186 resignatis
1367 1121 1483 1186 Capitulo

452 1201 570 1236 xomenss

396 1253 560 1302 confirmacio
570 1251 715 1312 Theobaldi,
727 1251 911 1314 Archicpiecopi
922 1251 1058 1301 Centum-ie
1089 1252 1096 1264 '
1128 1253 1160 1301 de
1171 1251 1285 1302 Sidebiri.

396 1317 472 1367 Certe
479 1317 584 1366 Abbatis
595 1323 622 1366 et
631 1316 776 1366 Conventus
786 1317 817 1365 de
826 1317 913 1365 Monte
920 1316 1005 1365 Sancti
1015 1315 1128 1366 Michse'
1150 1317 1182 1366 de
1191 1317 1300 1366 Ecclesia
1306 1317 1338 1366 de
1344 1315 1479 1366 Wodebiri.

396 1382 470 1432 Carta
481 1382 588 1432 Abbatis
605 1382 637 1430 de
654 1381 738 1442 Torra,
750 1381 818 1444 qnod
833 1381 903 1430 nullo
920 1382 995 1430 modo
1009 1381 1114 1446 recipiat
1129 1382 1239 1446 aliquam
1255 1382 1433 1445 possessionem
1453 1381 1480 1430 in

426 1447 503 1496 feudo
514 1447 697 1498 canonicorum
709 1445 911 1496 Exoniensium.¹

394 1511 470 1561 Carta
491 1513 598 1562 abbatis
620 1512 652 1560 de
675 1509 767 1560 Sancto
790 1511 910 1560 Michaele
929 1511 961 1561 de
983 1511 1093 1562 Ecclesia
1110 1511 1143 1561 de
1158 1510 1293 1572 Wodebiri,
1314 1511 1436 1576 Episcopo
1454 1517 1482 1562 et

426 1577 560 1626 Exoniensi
573 1576 681 1626 Ecclesia
692 1591 814 1625 concessa.

393 1639 469 1690 Carta
480 1643 566 1691 Sancti
577 1641 692 1690 Nicholai
703 1642 735 1690 de
745 1639 847 1689 decimis
858 1641 1060 1691 molendinorum
1071 1655 1175 1690 suorum
1186 1645 1259 1690 extra
1270 1641 1402 1690 lixoniam.

393 1707 469 1756 Carta
487 1705 666 1756 Monachorum
686 1705 773 1756 Sancti
789 1706 877 1755 Jacobi
897 1711 924 1756 et
942 1707 1034 1756 Prioris
1052 1706 1123 1755 Beati
1143 1706 1247 1755 Martini
1265 1706 1298 1756 de
1320 1706 1428 1770 eampis,
1447 1705 1480 1755 de

423 1771 588 1821 convencione
599 1771 666 1821 iacta
676 1771 743 1820 inter
753 1771 819 1834 ipsos
830 1774 857 1819 et
868 1771 1015 1835 Capitulum
1025 1771 1095 1820 Beati
1104 1771 1173 1820 Petri
1182 1771 1330 1821 Exoniansis
1337 1771 1369 1820 de
1378 1771 1479 1834 Capella

424 1836 510 1886 Sancti
521 1837 609 1886 Jocobi
620 1841 692 1885 extra
703 1835 843 1886 moniam*

392 1899 468 1951 carte
490 1901 610 1950 Willelmi
635 1901 749 1962 Briwera
773 1897 947 1961 Precentctia⁸
960 1901 992 1950 de
1017 1901 1092 1949 domo
1117 1900 1209 1964 Psgani
1235 1899 1369 1965 Capellani,
1389 1900 1480 1950 collata

425 1967 533 2016 Ecclesia
545 1966 680 2016 Exoniensi
691 1971 718 2015 et
730 1965 846 2015 Cantas-ie
857 1965 971 2029 ejusdem
982 1966 1098 2014 Eccleeie.

393 2030 469 2080 Certa
479 2031 553 2081 Alani
565 2033 596 2081 de
608 2031 725 2080 Furnelle
736 2031 768 2079 de
779 2031 880 2080 redditu
892 2031 1002 2080 duorum
1013 2030 1150 2080 solidorum
1160 2029 1187 2080 in
1205 2030 1314 2081 Civitate
1331 2030 1477 2082 llxoniansi.

392 2097 468 2146 Carta
478 2098 510 2146 de
522 2097 650 2146 Electione
663 2097 754 2145 Prioris
766 2095 901 2144 Plintonie.

392 2161 468 2210 Carta
479 2162 628 2223 Balduwini‚
641 2161 746 2210 Comitis
756 2161 788 2209 de
800 2161 915 2209 Ierwioe.

391 2227 468 2276 Carta
476 2227 586 2290 R[icardi
595 2224 831 2288 daClere]‚Comitis
838 2224 1186 2286 deHertaforde,deterriset
1195 2224 1310 2274 Eccleeiis
1318 2224 1479 2276 Gloncoetric.

391 2291 467 2340 Carta
488 2292 626 2342 Alexandri
648 2291 681 2340 de
701 2291 758 2354 jure
781 2290 960 2339 Advocacionis
983 2290 1091 2340 Ecclesia
1108 2289 1140 2339 de
1160 2289 1286 2352 Colebmc,
1307 2290 1481 2355 Hospitalariis

423 2357 517 2406 collate.

392 2419 467 2470 Certa
488 2421 593 2472 Jordani
615 2421 647 2470 de
669 2419 812 2469 Daocumbe
834 2419 866 2468 de
889 2419 990 2483 Capella
1011 2419 1043 2468 de
1064 2419 1139 2469 wius
1162 2417 1343 2484 [Ccffinswell],
1365 2435 1480 2472 concessa

423 2487 539 2550 Capitulo
552 2485 692 2535 Exoniensi

390 2551 465 2600 Carta
475 2553 492 2600 J
495 2552 576 2600 aliane
587 2552 619 2600 de
630 2555 697 2600 terra
708 2551 740 2599 de
752 2550 861 2600 Cootone
876 2546 999 2612 [Coiton],
1011 2549 1110 2598 reddita
1123 2549 1248 2612 Capitnlo.

390 2615 465 2729 Cartp
476 2617 507 2665 de
519 2615 698 2680 composicione
714 2615 781 2664 fecta
797 2615 863 2663 inter
880 2614 1026 2678 Capitulum
1043 2619 1069 2664 et
1085 2614 1172 2664 Hawin
1190 2615 1247 2677 Pan,
1258 2615 1291 2664 de
1301 2615 1390 2665 celario
1401 2621 1428 2666 et
1438 2617 1476 2681 iiij

421 2697 448 2729 so
458 2681 514 2730 idis.

390 2745 464 2858 Capta
476 2746 589 2810 Magistri
600 2744 727 2796 Michaelis
738 2745 770 2794 de
781 2761 798 2794 x
809 2743 878 2793 libris
892 2743 1023 2793 annuatim
1041 2743 1167 2794 solvendis
1187 2744 1352 2809 Capitulo,de
1368 2746 1478 2796 Ecclesia

439 2827 452 2859 e
470 2812 606 2861 Colintone.

389 2875 464 2924 Carta
488 2878 520 2925 de
544 2877 625 2926 Domo
648 2875 764 2939 Episcopi
788 2875 856 2938 apud
879 2873 1028 2934 londonias,
1045 2873 1174 2938 Episcopis
1197 2875 1379 2926 Exoniensibus
1395 2875 1478 2940 inper-

420 2945 526 3002 petuum
542 2957 661 2990 concessa

388 3005 541 3068 Compoeicio
552 3007 619 3055 facta
629 3006 696 3055 inter
710 3003 857 3068 Capitulum
868 3008 895 3053 et
908 3001 1003 3068 Hawys
1015 3004 1071 3065 Pas,
1083 3003 1116 3054 de
1132 3003 1230 3053 cellario
1241 3009 1268 3054 et
1278 3005 1377 3054 duabus
1388 3005 1473 3057 soldis.

389 3069 464 3119 Carta
476 3072 542 3120 Luce
553 3071 585 3120 dc
597 3071 688 3120 Colum
706 3070 739 3119 de
756 3071 831 3119 domo
849 3084 899 3133 que
918 3068 969 3119 fuit
985 3069 1079 3133 Paga-ni
1096 3069 1224 3134 capellani,
1236 3071 1338 3120 vendita
1349 3071 1475 3120 Willelmo

419 3135 533 3197 Bn'were,
544 3142 607 3185 tunc
618 3133 780 3185 Pseoentori³

388 3199 463 3248 Corte
475 3201 564 3263 Rogeri
575 3201 607 3249 de
618 3200 727 3261 Sildone,
738 3200 805 3249 iacta
821 3199 916 3262 Rogero
934 3197 1000 3260 Coie,
1017 3198 1143 3249 Canonico
1160 3199 1302 3261 llxcniensi¹
1314 3201 1346 3250 da
1356 3200 1475 3250 domibus

384 3263 945 3394 Ccffaffltldleddnlloiieerllllilllangiteriedgaldldielii
961 3327 1110 3378 clemacione
1130 3343 1175 3379 sex
1191 3344 1305 3380 somnam
1323 3335 1388 3380 terre
1407 3331 1477 3394 apud

417 3397 539 3444 Sanctum
551 3397 677 3445 Piranum.

384 3459 460 3508 Carta
471 3461 487 3509 J
490 3462 571 3510 uliano
582 3461 613 3509 de
624 3459 791 3523 resignacione
803 3464 868 3508 terre
879 3459 910 3508 de
922 3458 1031 3508 Coctone
1043 3457 1158 3520 [Cotton]
1166 3463 1194 3508 et
1206 3460 1445 3510 Instrumentomm.

384 3525 528 3588 Reeignscio
540 3526 608 3575 Petri
620 3525 759 3589 Wymundi
770 3525 801 3574 de
818 3524 934 3573 domibus
950 3528 977 3574 et
993 3523 1065 3573 tanis
1082 3523 1137 3574 sitis
1152 3524 1228 3587 jruta
1243 3529 1336 3574 terram
1347 3530 1374 3574 et
1384 3525 1473 3575 domos

417 3591 577 3640 Precantorie

384 3653 458 3704 Certa
469 3656 565 3705 Thome
577 3656 651 3704 Parer
661 3655 693 3703 de
705 3653 804 3718 Capella
816 3655 848 3703 de
859 3653 996 3715 Kerewille,
1008 3667 1123 3703 concessa
1135 3653 1257 3718 capitulo.

383 3719 458 3769 Carta
467 3721 498 3769 de
508 3721 607 3770 duobus
618 3719 703 3769 solidis
715 3719 839 3768 solvendis
847 3719 978 3768 annatim
987 3719 1019 3768 de
1030 3722 1174 3768 tenemento
1181 3720 1249 3782 quod
1259 3718 1311 3768 iuit
1319 3719 1347 3769 s„
1358 3719 1471 3770 Pictoris.

383 3785 458 3834 Carta
474 3785 578 3836 Jordani
595 3786 627 3834 de
643 3783 733 3836 stokes
752 3785 784 3834 de
799 3784 921 3834 escambio
938 3788 1004 3834 terre
1019 3783 1045 3833 in
1062 3785 1166 3833 mecisco
1185 3785 1299 3848 ejusdem
1317 3785 1422 3834 Manerii
1439 3786 1473 3835 de

413 3851 510 3899 Stolos.

383 3915 458 3964 Carta
476 3915 613 3974 chcffidi,
633 3913 760 3978 Capeliani
776 3915 809 3964 de
824 3914 955 3976 Altemon,
971 3913 1002 3964 de
1017 3913 1183 3978 resignecione
1200 3918 1267 3963 terre
1283 3914 1316 3963 da
1332 3914 1356 3963 la
1371 3915 1427 3964 Wci
1444 3916 1472 3965 in

414 3979 525 4030 Manerio
540 3982 573 4030 de
584 3979 790 4030 Brankeecumba

315 4109 323 4141 ¹
341 4117 385 4160 et.
404 4143 410 4158 .
429 4145 435 4158 .
454 4147 460 4158 .
479 4109 673 4171 Canentem-um}
707 4109 787 4161 'l‘heee
798 4111 879 4162 wolde
890 4111 955 4162 have
965 4111 1028 4160 been
1039 4109 1126 4160 anach
1137 4116 1190 4160 out

316 4177 326 4207 ¹
343 4175 357 4200 “
368 4175 437 4223 Nota
447 4175 653 4225 ·'-0randimc

313 4239 323 4272 ³
342 4239 436 4304 Biahop
446 4240 475 4290 ol
486 4241 586 4303 lketer,
598 4239 765 4291 1224-124c
