3298 4984
297 403 344 474 90

548 419 682 474 mssor
699 401 997 476 saouasconss's
1015 422 1199 476 aasrsraa.

300 576 405 644 Eorde
421 575 767 660 Abbey—continuecl.

395 681 488 730 eisdem
500 682 679 730 mediatoribus
690 686 891 744 comparuerunt,
904 688 930 730 et
947 683 979 731 ad
997 683 1117 746 majorem
1136 683 1294 732 securitatem
1312 683 1457 746 simpliciter

395 751 483 810 sponte
495 751 521 794 et
533 747 646 796 absolute
658 747 684 794 in
697 748 822 809 predictos
838 749 994 808 mediatores,
1008 755 1127 810 tauquam
1137 749 1163 796 in
1175 749 1288 806 arbitros,
1301 749 1455 807 diffinitores,

395 812 556 870 ordinatores,
580 811 727 870 laudatores,
747 829 791 860 seu
815 813 948 860 dictatores
965 818 1164 870 consenserunt;
1193 820 1219 861 et
1240 831 1316 876 supas
1340 815 1457 862 orrmibus

395 877 514 940 predictis
526 881 552 924 et
569 877 673 939 singulis
685 877 796 938 arbitrie,
804 877 956 937 diffinicioui,
966 879 1125 938 ordinacioni,
1138 879 1219 937 laudo,
1229 895 1272 927 seu
1284 879 1351 927 dicto
1366 895 1454 927 eorun-

394 943 460 1000 dem,
473 942 523 989 alte
535 946 561 989 et
572 942 649 1000 basse,
661 941 709 990 sub
726 958 790 1004 pena
809 948 912 990 centum
927 943 1048 991 librarum
1069 944 1137 992 Parti
1156 944 1364 1006 obtemperantia
1382 944 1457 991 Parte

395 1007 519 1054 renitente
539 1007 722 1067 solvendarum,
745 1023 797 1056 sese
820 1008 932 1056 totaliter
956 1009 1127 1056 submiserunt
1148 1009 1175 1056 in
1203 1009 1282 1056 forma
1299 1007 1458 1070 subscripta:

396 1071 456 1130 Nos,
474 1071 607 1131 Walterus,
630 1072 789 1120 miseracione
817 1073 909 1120 Divina
931 1073 1078 1120 Exouicnsis
1101 1073 1244 1135 Episcopus,
1268 1090 1312 1135 pro
1335 1074 1407 1121 nobis
1433 1079 1460 1121 et

396 1137 504 1184 Ecclesia
516 1141 608 1196 nostra,
622 1153 649 1185 ac
662 1137 749 1185 Frater
758 1137 906 1198 Willelmus,
920 1139 1003 1186 Abbas
1015 1140 1046 1186 ds
1059 1139 1138 1186 Forde
1151 1152 1194 1200 pro
1207 1139 1277 1186 nobis
1290 1143 1316 1186 et
1326 1139 1458 1186 Caruentu

394 1205 487 1258 nostro,
508 1217 583 1262 super
594 1202 711 1250 omnibus
722 1202 845 1264 dampnis,
863 1202 969 1264 injuriis,
990 1209 1017 1251 et
1034 1203 1227 1264 grai'aminibns,
1242 1203 1412 1262 coutumaciis,
1432 1209 1459 1250 et

395 1266 494 1313 offensis
503 1267 671 1328 personalibus
680 1267 746 1314 inter
757 1283 802 1314 nos
811 1268 909 1314 diadum
917 1269 1009 1315 exortis
1021 1269 1046 1315 in
1055 1269 1211 1316 venerabiles
1224 1269 1295 1316 Viros
1303 1274 1329 1316 et
1340 1269 1459 1316 discretos

395 1329 535 1393 Magistros,
557 1332 696 1379 walterum
715 1332 818 1390 Senmet,
843 1331 972 1380 Decanum
991 1333 1088 1392 Sarum,
1101 1338 1127 1380 et
1147 1333 1458 1392 ThomaurBelse,Arcl1i-

395 1396 526 1444 diaconum
538 1396 676 1454 Dorslretie,
685 1401 805 1458 uinquam
818 1397 843 1444 in
855 1396 968 1456 arbitros,
977 1398 1131 1456 diffinitores,
1140 1398 1301 1458 ordinatores,
1311 1399 1460 1458 laudatores,

395 1477 439 1508 seu
456 1460 598 1521 dictatores,
611 1461 740 1509 voluntate
756 1465 893 1523 spontanea
910 1463 1088 1524 consentimus,
1100 1469 1127 1510 et
1143 1479 1187 1511 nos
1199 1465 1334 1511 eorundem
1347 1462 1457 1522 arbitrie,

395 1525 547 1587 diffinicioni,
571 1526 729 1585 ordinacioni,
746 1527 828 1586 laudo,
846 1543 889 1574 seu
913 1527 987 1585 dicto,
1013 1528 1063 1575 alte
1083 1533 1109 1575 et
1131 1529 1208 1587 basse,
1231 1528 1407 1576 submittimus
1430 1533 1457 1575 et

395 1591 567 1653 supponimus,
579 1596 605 1638 et
617 1591 729 1639 totaliter
737 1591 885 1652 subjicimus
903 1593 951 1640 sub
966 1608 1028 1654 pena
1039 1593 1153 1656 superius
1165 1592 1300 1642 nominata.
1336 1593 1458 1640 Volumus

395 1657 472 1704 sciram
485 1662 511 1704 et
528 1655 685 1704 concedimus
703 1657 771 1717 quod
790 1657 912 1704 Dominus
931 1659 992 1716 lter,
1004 1673 1048 1720 per
1064 1657 1247 1706 districciouem
1264 1674 1339 1720 quum
1357 1658 1459 1705 duxerit

395 1721 542 1780 eligendam,
554 1737 599 1768 nos
618 1722 649 1768 ad
668 1721 867 1769 observacionem
885 1723 998 1770 omnium
1017 1723 1192 1785 premissorum
1211 1724 1356 1784 compellere
1375 1723 1457 1770 valeat

395 1791 422 1833 et
432 1791 513 1833 artare
527 1802 531 1843 ;
544 1786 587 1844 ita,
596 1791 689 1844 arinen,
701 1787 769 1848 eluod
781 1787 850 1834 nulla
861 1788 959 1848 questio
971 1804 1013 1835 scu
1027 1788 1155 1836 contencio
1167 1789 1313 1850 contingens
1323 1787 1457 1836 Ecclesiam

394 1867 437 1898 scu
457 1851 595 1898 Manedum
615 1851 646 1897 de
669 1853 747 1912 Otr-ry
770 1853 860 1899 Sancte
884 1853 967 1908 ilaris,
989 1869 1032 1900 scu
1056 1854 1167 1900 Domum
1189 1869 1265 1914 quam
1286 1858 1374 1900 tenent
1395 1853 1457 1900 dicti

395 1915 511 1976 licligiosi
529 1915 603 1977 justa
615 1916 716 1962 Curiam
733 1915 834 1963 Domini
853 1917 968 1980 Episcopi
986 1919 1010 1964 in
1029 1917 1136 1965 Ciuitate
1153 1919 1256 1976 Exonie,
1271 1919 1319 1964 snb
1336 1917 1382 1965 lruc
1397 1919 1455 1965 sub·

394 1981 518 2039 missione,
531 1981 736 2042 interpretacione
754 1997 919 2042 quocumque,
932 1983 1089 2044 aliquatenus
1102 1983 1336 2030 cetrrcludatur.-lu
1349 1997 1457 2044 qnorum

394 2045 507 2093 sarranium
517 2045 688 2092 testimouium
698 2051 775 2106 atquc
785 2047 858 2093 tidem
869 2047 949 2107 sigilla
959 2047 1072 2095 l'arcium
1082 2047 1140 2096 huic
1150 2049 1321 2095 lustrumeuto
1332 2047 1459 2109 duplicato

395 2110 538 2158 alternatim
551 2115 612 2158 siant
622 2125 738 2172 appensa,
750 2111 781 2158 de
794 2112 923 2158 volarutate
935 2117 961 2159 et
974 2127 1089 2173 caparosso
1110 2128 1231 2160 consensu
1244 2113 1357 2160 Paccium
1370 2127 1456 2159 caruti-

395 2176 592 2223 dem.-Datum
621 2176 689 2237 apud
715 2176 972 2232 Wcstrnonasterinur,
996 2177 1034 2224 iiis'
1062 2177 1146 2226 Nonas
1163 2177 1222 2226 Maii
1245 2177 1270 2238 [5
1291 2174 1361 2240 May]
1382 2178 1456 2224 Aurio

396 2240 482 2289 Gracia
495 2240 539 2288 Me
560 2238 618 2288 00⁰.
632 2241 687 2287 lxx⁰
698 2241 821 2302 septimo,
839 2238 890 2290 ibb.

386 2355 574 2420 Ordinacio
589 2377 690 2439 super
705 2355 818 2419 codena
831 2381 882 2418 :—

365 2459 491 2509 Universis
511 2464 637 2522 presentes
662 2459 757 2507 Litems
779 2460 928 2522 inspecturis
947 2460 1060 2522 Magistri
1080 2461 1205 2509 Walterus
1223 2460 1326 2519 Sermel,
1340 2461 1454 2508 Deemus

394 2526 491 2585 Sarum,
512 2529 538 2573 et
560 2525 668 2573 Thomas
691 2525 764 2584 Bekc,
782 2526 977 2573 archidiaconus
1003 2525 1135 2574 Dorslretie
1154 2526 1262 2574 salutem
1290 2525 1316 2573 in
1344 2524 1454 2572 Domino

393 2590 717 2652 sempiternam.-—-Norerit
734 2589 888 2638 Universitss
910 2597 992 2638 vestra
1014 2591 1089 2652 quod,
1113 2607 1172 2639 curu
1193 2591 1259 2639 inter
1281 2591 1454 2638 Venerabilcm

394 2656 502 2712 Patrem,
529 2655 675 2712 Walter-um,
705 2655 751 2702 Dei
779 2655 859 2716 gracia
879 2656 1045 2703 Exoniensem
1069 2656 1227 2718 Episcopum,
1251 2671 1282 2703 cx
1305 2661 1375 2717 parts
1397 2671 1454 2714 arira,

394 2726 421 2768 ct
430 2720 564 2782 lteligiosos
576 2720 655 2779 Viros,
665 2720 776 2767 Fratrem
787 2721 946 2780 ll'illelurum,
958 2721 1080 2768 nbbatcm
1090 2721 1121 2768 dc
1135 2721 1221 2776 Forde,
1232 2725 1259 2768 et
1270 2721 1383 2782 ejusdcm
1397 2717 1455 2767 Loci

395 2787 637 2846 Conventum,super
646 2785 795 2846 qaribusdam
802 2785 1122 2847 Suspensirmislata-dicti,
1128 2790 1154 2833 et
1161 2785 1454 2833 Excommunicaciomnn

395 2849 533 2898 Sentcnciis
546 2850 673 2910 utrimque
694 2850 803 2911 prolatis,
814 2866 841 2897 ac
859 2851 913 2898 aliis
925 2851 1030 2912 injuriis,
1043 2851 1234 2911 gravaminibus,
1247 2850 1416 2908 contumaciis,
1428 2855 1456 2896 ct

395 2914 494 2962 eliensis
513 2915 682 2976 personalibus
702 2915 806 2962 srrlnrrta
825 2915 914 2962 luisset
936 2916 1194 2976 materioquestionis,
1218 2931 1248 2962 ex
1269 2915 1353 2974 altera,
1372 2915 1456 2963 Partes

396 2980 488 3038 eedem,
501 2980 532 3026 ad
550 2979 589 3026 sari
601 2979 808 3041 tranquillitatem
822 2985 847 3027 et
859 2996 951 3042 pacem,
964 2996 1039 3042 srrper
1056 2981 1181 3042 premissis
1194 2981 1416 3042 innos,tanqua1n
1429 2980 1454 3026 in

396 3043 510 3100 arbitros,
522 3044 675 3104 diffinitores,
688 3044 847 3101 ordinatores,
860 3045 1008 3104 lrurdatores,
1020 3061 1062 3093 seu
1081 3045 1222 3110 dictatores,
1235 3046 1365 3093 voluntate
1382 3061 1454 3106 spou-

395 3113 469 3156 tanea
482 3113 668 3167 consenserunt,
680 3109 783 3157 arbitrio
795 3115 887 3167 notro,
898 3111 1048 3168 diffinicioni,
1059 3110 1217 3170 ordinacioui,
1230 3111 1311 3170 laudo,
1324 3126 1367 3157 seu
1381 3109 1456 3168 dicto,

396 3173 446 3222 alte
465 3173 578 3220 cibasse
596 3189 622 3220 se
640 3174 752 3222 totaliter
774 3175 959 3230 submittentes,
979 3181 1054 3236 prout
1074 3175 1100 3222 iu
1121 3176 1295 3223 Instrumenta
1317 3191 1393 3236 super
1408 3174 1455 3222 hoc

396 3237 516 3296 conlecto,
528 3243 554 3284 ct
566 3237 680 3286 Parcium
693 3239 779 3301 sigillis
791 3239 894 3300 signato,
904 3241 1001 3301 plenius
1013 3240 1163 3288 continetur.
1188 3240 1261 3289 Unde
1278 3255 1331 3298 nos,
1344 3239 1456 3301 Magistri

396 3303 529 3363 Walterus,
538 3303 652 3350 Decanus
662 3304 787 3362 Saruu1,et
795 3305 910 3359 Tiamaa,
917 3305 1110 3352 Archidiaconus
1118 3305 1332 3367 Dorshetie,super
1340 3304 1456 3352 omnibus

396 3367 502 3430 injuriis,
509 3367 702 3430 putaminibus,
713 3370 910 3428 contumaciam
918 3371 1016 3418 offensis
1025 3370 1202 3432 personalibus,
1210 3369 1277 3418 inter
1284 3370 1306 3416 V
1307 3369 1457 3418 encnibilem

396 3434 505 3493 Patrem,
518 3433 655 3481 Dominum
668 3431 818 3493 Walterum,
831 3435 878 3482 Dei
891 3435 977 3482 Gracia
990 3435 1155 3482 Exonionsem
1174 3435 1332 3498 Episcopum,
1344 3449 1376 3482 cx
1387 3439 1459 3497 parte

396 3513 454 3558 iana,
466 3502 492 3546 et
504 3498 638 3560 Religiosos
650 3499 729 3558 Viros,
736 3499 849 3547 Fratrem
858 3499 1019 3555 willelmum,
1028 3499 1153 3548 Abbstem
1164 3500 1196 3548 de
1208 3499 1295 3558 Fmde,
1308 3504 1335 3548 et
1345 3499 1459 3561 ejusdcm

397 3562 457 3611 Loci
477 3563 636 3612 Gonventum
656 3563 772 3623 subortis,
794 3580 824 3612 ex
846 3565 931 3622 altera,
944 3564 1036 3612 aarditis
1058 3564 1197 3612 rosionibus
1220 3569 1247 3612 et
1268 3562 1459 3626 sllegacionibus

397 3627 512 3676 Porcium
528 3643 611 3676 coram
629 3629 701 3676 nobis
720 3629 852 3692 propositis
871 3635 897 3676 et
914 3630 1011 3690 plenius
1028 3629 1169 3688 intellectis,
1185 3629 1331 3692 meritisque
1349 3629 1457 3692 proposi·

397 3697 483 3741 torum
505 3693 720 3756 ponderatis-ln
738 3695 845 3742 Nomine
863 3694 971 3753 Domini,
992 3695 1092 3742 Amen:
1118 3695 1277 3755 Ordinamus,
1295 3695 1408 3754 dicimus,
1431 3700 1458 3742 et

397 3757 529 3806 laudamus
540 3759 608 3820 quod
620 3759 732 3820 prefatus
743 3759 833 3816 abbas,
845 3775 890 3821 pro
901 3775 927 3806 se
938 3763 964 3806 et
974 3759 1105 3807 Conventa
1117 3775 1170 3818 suo,
1182 3760 1214 3807 ad
1225 3759 1344 3807 bonorem
1357 3757 1459 3806 Domini

398 3823 514 3885 Episcopi
536 3822 684 3871 Exoniensis
706 3829 732 3871 et
757 3824 863 3870 Ecclesia
884 3840 929 3870 sue
949 3823 1103 3884 Exonicnsis,
1121 3825 1248 3872 universas
1276 3823 1458 3886 Suspensiouis,

399 3887 537 3947 Interdicti,
550 3891 577 3936 et
594 3887 888 3936 Eacommuuicacionum
901 3887 1051 3948 Sentenciss,
1063 3905 1107 3951 per
1121 3889 1204 3951 ipsum
1216 3887 1341 3936 Abbatem
1350 3890 1382 3936 de
1392 3888 1460 3938 iacto

398 3953 425 4000 in
449 3951 617 4014 prejudicium
642 3951 745 4000 Domini
765 3953 880 4016 Episcopi
905 3953 1082 4015 promulgatas,
1105 3954 1168 4002 citm
1187 3955 1291 4002 Festum
1311 3953 1458 4004 Natiuitatis

399 4017 471 4066 Beati
482 4017 605 4065 lobannis
616 4017 731 4080 Baptista
741 4017 793 4080 jam
808 4018 903 4066 instans
920 4019 961 4079 [24
974 4019 990 4066 J
993 4019 1060 4079 uneJ,
1077 4019 1104 4066 in
1116 4019 1175 4067 locis
1186 4019 1278 4080 quibus
1293 4019 1360 4067 idem
1376 4019 1460 4069 Ablras

398 4080 464 4145 ipsas
472 4082 616 4131 Sentencias
627 4082 765 4144 publicavit
773 4087 799 4130 et
810 4083 870 4131 lecit
881 4099 924 4146 per
931 4083 991 4130 alios
1002 4083 1130 4146 publicari,
1138 4085 1236 4147 publice
1248 4089 1274 4132 et
1282 4083 1460 4149 sollempniter,

399 4163 428 4196 ac
447 4147 610 4210 personaliter
628 4147 654 4194 iu
676 4147 784 4196 Ecclesia
801 4148 943 4197 cathedrali
960 4149 1102 4208 Exoniensi,
1117 4149 1144 4197 in
1164 4149 1261 4212 scriptis
1281 4149 1421 4212 denunciet,
1434 4160 1461 4200 ct

399 4212 544 4261 denunciari
561 4211 643 4272 iaciat,
661 4213 742 4262 nullas
760 4213 866 4275 penitus,
884 4213 972 4272 ntitas,
989 4219 1015 4262 et
1032 4213 1133 4273 inanem
1150 4215 1268 4276 quodque
1288 4213 1461 4264 ministeriales

400 4278 536 4329 eorundem
557 4277 665 4327 Abbatis
684 4282 711 4328 et
739 4279 884 4330 Conventus
912 4279 1033 4329 seculares
1056 4295 1106 4329 nou
1129 4279 1245 4344 exempti,
1269 4279 1314 4343 qui
1338 4295 1382 4344 pro
1409 4281 1462 4332 suis
