3322 4982
633 419 910 475 oanmamous.
1275 398 1348 472 213

294 601 362 652 oncis
383 605 470 652 notam
492 599 599 650 velimus
620 601 730 661 evitem
759 616 787 652 se
808 616 890 664 nuper
910 599 937 650 in
960 598 1070 650 Oonoilio
1087 598 1250 664 lugdunensi
1269 599 1349 650 luerit

293 671 421 716 statutum
439 671 470 716 ut
486 666 638 727 Beneficisti,
654 667 771 730 precipue
790 681 899 730 quorum
918 665 1048 714 Beneficiis
1066 681 1127 714 curs
1145 665 1286 714 mimarum
1308 668 1348 714 est

293 745 397 792 annexa
415 748 442 780 se
457 733 551 781 locunt
566 732 634 780 intra
650 733 712 780 certi
731 731 850 794 temporis
866 731 989 780 curricula
1004 730 1031 778 in
1048 730 1198 794 presbiteros
1219 730 1347 790 ordinari;

294 797 411 860 pleraque
426 797 503 846 eciam
520 798 670 846 Sanctorum
687 797 818 846 Cauonuru
835 797 866 844 de
878 795 1024 858 hujusmodi
1035 794 1192 843 Beneficiatis
1202 795 1347 843 ordinandis

294 861 392 911 dudum
404 862 472 910 edita
483 861 534 910 sint
545 863 655 920 Statuts,
667 862 699 910 de
710 876 819 924 quorum
830 861 940 908 edicione
952 860 976 908 in
989 859 1100 923 personis
1111 860 1251 908 multorum
1262 863 1347 908 nostre

295 926 404 975 Diooesis
420 943 491 975 rarus
508 927 630 976 hactenus
646 927 746 975 fructus
762 926 889 989 pervenit3
913 925 1025 988 ideoque,
1042 937 1136 973 nenos
1156 924 1201 973 ubi
1220 940 1264 988 pro
1282 923 1347 987 juris

293 992 441 1040 execucione
463 992 596 1050 diligenter
617 991 730 1054 impensa
751 991 875 1053 premium
898 989 987 1038 merito
1009 989 1075 1038 foret
1094 989 1284 1049 expectandum,
1301 1004 1347 1052 pro

293 1057 367 1119 culpa
385 1055 536 1120 negligencie
557 1060 642 1105 nostre
664 1071 754 1120 penam
772 1055 944 1113 formidemus,
963 1054 1033 1104 vobis
1055 1055 1204 1104 mandamus
1226 1053 1347 1116 quatinus

293 1136 379 1171 omnes
394 1121 512 1170 Rectores
528 1125 555 1169 et
570 1121 680 1169 Vicarios
697 1119 878 1170 Parochislium
895 1119 1062 1169 Ecclesiarum
1078 1123 1163 1168 nostre
1174 1118 1285 1168 Diocesis
1301 1119 1347 1181 qui

293 1201 342 1235 non
354 1191 416 1236 aunt
425 1187 479 1250 jam
490 1186 516 1234 in
528 1187 677 1248 presbiteros
688 1185 797 1234 ordinati
812 1184 977 1248 peremptorie
988 1184 1078 1244 citetis,
1090 1189 1117 1232 et
1128 1183 1199 1232 citari
1210 1183 1309 1244 publice
1320 1187 1347 1231 et

292 1251 463 1314 sollempniter
478 1251 582 1312 incutis,
600 1250 693 1313 absque
709 1265 871 1314 personarum
882 1249 996 1306 delectu;
1020 1264 1117 1297 necnon
1134 1254 1161 1297 st
1185 1248 1347 1296 Prebendalia

292 1315 416 1364 Beneficia
427 1316 453 1364 in
462 1316 578 1364 Ecclesiis
587 1315 729 1378 Oollegiatis
737 1315 858 1362 habentes
868 1329 875 1373 ;
886 1315 954 1376 quod
966 1313 992 1361 in
1004 1313 1124 1375 proximis
1134 1314 1249 1372 Quatuor
1257 1313 1346 1375 'lemp-

292 1396 365 1429 orum
384 1385 444 1430 ante
463 1381 568 1430 Festum
588 1379 685 1429 Natalis
704 1379 814 1439 Domini,
831 1379 857 1427 iu
875 1379 984 1427 Ecclesia
1001 1377 1139 1426 Parochiali
1156 1379 1188 1426 de
1207 1374 1345 1438 Τοιίιοιιιι,ι

293 1446 437 1508 maspectui
456 1451 542 1494 nostro
559 1461 585 1493 se
599 1449 779 1506 representent,
792 1443 897 1492 Ordines
912 1443 1007 1504 Sacros,
1018 1447 1095 1506 prout
1111 1447 1193 1491 status
1211 1441 1349 1505 cujuslibet

294 1511 406 1572 requirit,
418 1511 467 1558 sub
482 1525 547 1574 pens
558 1509 584 1558 in
596 1509 707 1572 predicto
720 1509 829 1558 Concilio
840 1513 867 1556 et
878 1508 958 1556 Sacris
971 1507 1114 1556 (lenonibus
1131 1511 1249 1556 contenta
1264 1522 1347 1570 recep·

294 1575 352 1624 turi.
386 1575 490 1637 Verum,
501 1575 561 1636 quia
572 1590 622 1623 non
631 1573 695 1622 nulli
705 1590 790 1622 rerum
800 1573 1029 1622 Ecclesiasticcrum
1041 1572 1236 1630 deireudetores,
1248 1571 1348 1620 fructus

296 1639 464 1689 Ecclesiarum
479 1655 583 1688 suarum
599 1639 766 1702 dilapidando,
779 1638 860 1686 tocius
870 1637 930 1686 anni
942 1637 1038 1686 victum
1053 1637 1122 1686 brevi
1134 1637 1216 1700 spacio
1227 1637 1348 1700 temporis

295 1705 362 1754 soliti
378 1709 440 1754 sunt
450 1719 603 1763 consumare,
615 1709 646 1753 ut
656 1704 692 1752 sio
703 1703 772 1767 quasi
785 1703 871 1752 inanes
881 1702 958 1765 gratis
974 1702 1055 1750 effecti
1066 1717 1117 1750 non
1128 1703 1229 1750 valeant
1239 1702 1270 1750 de
1281 1701 1349 1750 facili

294 1770 326 1818 sd
341 1769 489 1833 hujusmodi
505 1775 532 1818 et
548 1769 645 1830 similia,
662 1773 716 1818 tam
732 1768 857 1817 ordinaria
872 1783 948 1830 quam
964 1767 1165 1828 extraordinaris,
1183 1783 1242 1816 cum
1258 1767 1348 1816 effectu

296 1834 428 1896 coherceri,
448 1835 518 1883 vobis
534 1833 647 1882 districte
664 1833 822 1896 precipiendo
838 1833 987 1884 mandamus
1003 1831 1131 1894 quatinus,
1148 1831 1170 1880 si
1187 1847 1250 1895 quos
1264 1835 1349 1880 nostre

295 1899 406 1948 Diooesis
427 1899 487 1948 inde
511 1903 641 1962 suspectos
665 1897 818 1958 inveneritis,
841 1897 902 1960 ipsis
926 1897 958 1944 ab
980 1897 1198 1945 administracione
1224 1896 1349 1945 bonorum

296 1964 524 2013 Ecclesiastioorum
536 1979 586 2026 que
597 1963 622 2012 in
634 1967 721 2012 nostra
731 1963 848 2026 optinens
865 1961 969 2022 Dloeesi,
979 1961 1094 2024 exigente
1110 1961 1220 2024 justicia,
1231 1961 1350 2024 primitus

295 2029 429 2092 suspensis,
449 2029 549 2078 fructus
565 2027 747 2077 Beneficiorum
764 2041 867 2075 suorum
884 2025 932 2074 sub
948 2027 1129 2090 cujuscumque
1145 2042 1222 2076 mauu
1239 2027 1350 2075 eruunt

296 2093 465 2156 sequestretis,
478 2093 597 2142 facientes
609 2093 709 2142 eosdem
725 2092 773 2141 sub
789 2091 861 2140 firmo
878 2091 1014 2154 Sequestro
1029 2091 1109 2139 teneri
1124 2091 1203 2140 donec
1213 2090 1264 2153 juri
1277 2106 1349 2154 paru·

295 2158 362 2206 erint
379 2173 438 2207 cum
453 2159 544 2207 effectu
560 2159 587 2207 in
603 2157 650 2206 hac
666 2161 744 2220 parte.
778 2157 897 2216 Qualiter,
915 2161 1008 2216 sutem,
1026 2156 1175 2204 Mandatum
1191 2161 1306 2204 nostrum
1323 2155 1350 2204 in

296 2222 342 2272 hac
363 2227 435 2286 parte
456 2223 554 2272 fueritis
576 2223 682 2282 executi,
705 2237 758 2282 nos,
780 2221 855 2271 dictis
876 2221 917 2269 die
939 2225 966 2270 et
987 2221 1047 2281 loco,
1069 2236 1114 2285 per
1137 2221 1233 2270 Literas
1254 2225 1350 2268 vestras

295 2288 422 2350 Patentes,
433 2288 523 2338 harum
534 2287 623 2338 seriem
634 2287 798 2346 continentes,
810 2285 945 2336 certificare
956 2285 1186 2335 curetis-Datum
1196 2285 1265 2348 apud
1276 2285 1348 2344 Oliat,

295 2353 336 2401 die
346 2353 417 2402 Jovis
434 2353 547 2417 proxima
563 2357 622 2401 ante
639 2353 743 2401 Festum
761 2353 851 2400 Sancte
862 2351 1008 2414 Margarete,
1020 2349 1136 2413 Virginis,
1151 2349 1350 2400 Consemacionis

296 2417 388 2466 Nostro
400 2418 474 2467 rinno
484 2419 545 2467 xvii'
559 2418 601 2478 [18
612 2417 682 2480 July,
695 2414 769 2478 1275]
781 2433 786 2476 ;
804 2419 844 2464 64.

266 2481 351 2530 Ietter
362 2483 427 2532 from
438 2483 483 2532 the
494 2483 529 2531 B'·
555 2498 595 2545 op,
607 2483 683 2530 dated
695 2484 724 2530 21
738 2479 1038 2540 Nov.1276,¹sddressed
1050 2486 1077 2528 ιο
1088 2479 1127 2528 his
1139 2479 1242 2541 Officinl,
1253 2479 1348 2542 requir-

296 2547 339 2608 ing
359 2547 412 2596 him
432 2552 460 2597 to
478 2548 527 2597 cite
543 2547 577 2595 all
594 2547 724 2595 Benefioed
743 2545 830 2596 Olerlss
846 2546 902 2594 who
919 2546 969 2594 had
986 2550 1032 2593 not
1048 2545 1184 2608 prooeeded
1201 2551 1228 2593 ιο
1248 2545 1349 2593 Priests'

297 2612 396 2672 Orders,
418 2616 446 2660 to
465 2628 556 2676 appear
571 2611 598 2660 in
615 2627 705 2674 person
723 2611 749 2658 in
768 2611 812 2660 the
832 2611 988 2660 Conveutnal
1008 2610 1108 2659 Churoh
1126 2610 1153 2658 of
1170 2611 1208 2659 St.
1229 2609 1349 2672 Stephon,

296 2677 460 2738 launoeston,
472 2693 504 2726 on
516 2677 561 2726 the
578 2677 704 2738 Saturdey
715 2675 799 2724 before
816 2675 859 2724 the
877 2676 951 2724 Feret
962 2675 988 2722 oi
1005 2676 1041 2724 St
1060 2675 1168 2723 Thomas
1183 2675 1228 2724 the
1244 2675 1350 2736 Apostle

298 2741 339 2801 [19
357 2742 435 2802 Dec.],
447 2741 509 2790 with
525 2757 539 2790 u
555 2741 618 2790 view
634 2745 662 2790 to
678 2741 802 2803 receiving
812 2740 874 2788 such
887 2740 966 2788 Order
977 2756 1011 2797 ris,
1026 2739 1051 2787 in
1063 2739 1107 2787 the
1122 2755 1176 2788 case
1188 2740 1293 2798 oleseh,
1307 2739 1346 2787 hia

297 2806 409 2855 Benefica
424 2807 541 2870 requires,
554 2823 586 2855 on
598 2806 655 2870 pain
667 2805 694 2854 of
709 2805 879 2868 deprivation3
898 2805 955 2865 and,
972 2803 1077 2864 further,
1094 2809 1122 2853 to
1138 2801 1221 2866 enjoin
1238 2805 1271 2852 all
1288 2805 1350 2852 such

299 2871 379 2920 clerks
390 2876 417 2920 to
434 2877 535 2934 present
545 2871 696 2920 themselves
712 2870 739 2920 in
755 2886 844 2933 person
861 2885 893 2918 on
910 2870 954 2918 the
971 2869 1058 2918 fourth
1074 2869 1137 2917 feria
1147 2869 1231 2917 before
1242 2869 1286 2917 the
1297 2869 1351 2916 said

300 2935 416 2996 Faustin
428 2936 472 2985 the
484 2935 687 2985 Portet-Church
699 2935 725 2984 of
736 2935 772 2984 St
781 2935 900 2997 Stephen,
908 2935 1073 2996 Lcunoeston,
1083 2937 1109 2983 to
1121 2934 1187 2983 shew
1200 2934 1266 2982 their
1276 2933 1350 2995 Title,

298 3002 347 3049 and
360 3005 387 3049 ιο
399 3001 511 3063 undergo
522 3001 572 3050 due
583 3001 752 3049 examination
764 3017 770 3060 ς
788 2997 841 3051 76¹¹.

266 3064 339 3114 Anno
357 3067 452 3126 eodem,
470 3081 503 3114 xv
522 3065 647 3114 Kalendas
665 3063 737 3116 lanii
760 3065 802 3126 (18
814 3064 881 3128 May,
896 3063 977 3124 1258),
989 3063 1036 3113 hoo
1053 3068 1100 3124 est,
1113 3063 1140 3112 in
1151 3063 1242 3128 Vigilia
1260 3063 1351 3113 Sancte

298 3130 437 3244 1ἔιίιιίιιιιιιι,
465 3130 600 3228 cplebravit
632 3129 756 3180 Dominus
789 3129 927 3192 Episcopus
959 3127 1105 3192 Solempnes
1146 3129 1252 3178 Ordines
1284 3128 1352 3192 apud

320 3195 439 3255 aoniam;
457 3197 472 3246 3
488 3233 493 3246 .

269 3258 344 3308 Anno
371 3261 466 3320 eodem,
494 3259 522 3309 in
543 3259 635 3324 vigilia
656 3259 742 3310 Sancti
765 3257 868 3320 Mathei,
891 3258 1006 3322 Apostoli
1028 3259 1070 3319 [20
1092 3259 1170 3322 Sept,
1193 3257 1274 3320 1259]‚
1292 3257 1352 3308 cele·

304 3324 389 3374 brevit
400 3325 524 3374 Dominus
537 3325 676 3388 Episcopus
687 3323 794 3374 Ordines
805 3323 919 3373 Privatos
930 3324 998 3388 apud
1009 3324 1140 3387 Bodmyne
1152 3338 1158 3383 ;
1175 3319 1210 3375 7¹³.

269 3387 345 3438 Anno
362 3391 449 3439 eodem
469 3390 496 3438 in
512 3389 603 3452 Vigilis
619 3391 709 3438 Sancte
727 3389 858 3438 Trinitatis
877 3389 918 3450 [29
936 3389 1002 3453 May,
1021 3389 1103 3451 1260]ι
1122 3389 1189 3452 apud
1207 3387 1353 3452 Horsleghe,

302 3453 427 3503 Dominus
436 3455 574 3518 Episcopus
585 3454 719 3504 celebravit
730 3453 836 3503 Ordines
846 3469 852 3514 ;
871 3455 909 3502 13.

270 3518 345 3568 Anno
356 3519 451 3580 eodem
461 3519 514 3568 xiii·
529 3519 654 3568 mendas
666 3519 788 3580 Octobris,
800 3518 847 3567 hoo
864 3523 904 3567 est
918 3517 959 3567 die
974 3517 1077 3566 Subbsti
1095 3521 1152 3582 post
1167 3517 1355 3567 Exultacionem

298 3585 395 3698 gppcts
404 3584 504 3699 &llige
514 3585 544 3634 1⁸
557 3585 635 3648 Sept,
645 3583 727 3646 12601,
739 3583 863 3633 Dominus
875 3583 1013 3647 Episcopus
1023 3582 1158 3633 celebravit
1169 3583 1277 3633 Ordines
1287 3583 1356 3646 apud

354 3664 440 3710 mme;
504 3685 510 3699 .

267 3713 344 3764 anno
362 3714 456 3775 eodem,
476 3714 518 3764 die
535 3711 642 3764 Sabbati
653 3729 704 3778 qua
718 3717 836 3764 cantatur
852 3713 973 3776 Sicimtce,
991 3712 1038 3762 hoc
1051 3717 1091 3763 est
1105 3728 1121 3762 v
1138 3713 1200 3762 Idus
1219 3711 1313 3777 Aprilis
1329 3710 1355 3776 [9

300 3779 381 3842 April,
399 3776 484 3843 126]],
501 3779 630 3829 Dominus
647 3779 785 3842 Episcopus
805 3777 939 3828 celebravit
958 3777 1065 3829 Ordines
1081 3779 1149 3842 apud
1167 3777 1308 3843 Plymtone,
1324 3777 1357 3827 de

297 3843 454 3895 Beneficistis
464 3848 491 3894 et
502 3844 631 3908 Religiosis
641 3848 759 3902 tantum
778 3841 830 3896 lib·

207 4075 357 4130 ι“1ι”ιιιιιῐι“ι.
391 4115 397 4130 .
431 4117 438 4130 .
473 4116 479 4130 .
519 4079 653 4142 Tuum?
663 4079 759 4130 altered
811 4078 985 4130 ¹iacrastr’uo
1002 4079 1088 4132 Sancti
1099 4079 1235 4144 Edmundi,
1248 4079 1361 4146 Regiset

238 4145 303 4194 hom
331 4144 445 4196 “Sancti
471 4144 576 4206 Mathai,
603 4145 630 4194 in
658 4145 758 4208 Capella
839 4144 956 4198 Martiris.

237 4209 427 4342 ¹Slsiantpp'x&nobi
443 4209 476 4262 de
491 4211 639 4277 Tsyngmue
657 4209 757 4276 [Teisa-
